2910 4904
530 315 673 383 Onnwloe
694 317 814 383 Missos.
1211 330 1274 393 223

70 507 155 550 suam
168 505 221 563 per
233 503 340 564 puram
349 483 560 541 consessionem
571 484 681 561 optime
691 491 844 562 praeparet,
857 492 1073 546 sacramentum
1084 490 1274 551 vehementer

71 569 225 640 desideret,
251 573 282 624 et
306 565 446 623 conficere
473 564 618 622 intendat.
670 565 701 622 N
703 567 816 623 otulam
840 566 877 623 de
903 567 990 626 modo
1017 570 1124 646 agendi
1145 573 1273 631 officium

70 650 240 708 memoriter
259 653 291 705 et
310 647 385 704 bene
408 645 488 702 sciat.
532 645 640 703 Gestus
660 646 745 704 valde
766 647 942 724 compositos
961 669 995 707 ac
1015 649 1136 709 devotos
1155 652 1270 714 habeat.

71 730 147 788 Oum
161 730 241 787 enim
254 727 381 804 quilibet
395 732 531 784 teneatur
545 726 643 783 Deum
657 727 779 803 diligere
793 747 831 785 ex
845 734 909 786 toto
924 730 1017 802 corde,
1034 750 1072 788 ex
1086 724 1150 790 tota
1163 735 1272 809 anima,

69 818 99 869 et
112 832 152 868 ex
165 811 239 868 totis
252 809 366 865 viribus
380 808 458 879 suis,
479 807 527 864 hic
549 807 647 864 Deum
667 808 788 884 diligere
808 829 870 866 non
891 811 1041 886 probatur,
1058 813 1157 890 quiin
1171 835 1272 875 mensa

67 893 185 949 Altaris
199 891 251 948 ubi
264 889 332 947 Rex
345 909 448 964 regum
459 895 489 945 et
498 888 645 944 Dominus
655 891 788 946 omnium
802 896 949 948 tractatur
962 898 993 949 et
1007 895 1143 967 sumitur,
1159 895 1272 974 irrelig-
1381 901 1385 910 ‘

67 973 154 1044 iosus,
170 972 336 1042 indevotus,
348 969 523 1046 impudicus,
536 969 703 1041 distractus,
719 989 819 1046 vagus,
835 978 889 1028 aut
909 971 1070 1031 desidiosus
1090 978 1269 1053 apparuerit.

67 1054 218 1112 Attendat
232 1053 325 1128 igitur
338 1051 540 1126 unnsquisque
554 1050 633 1126 quod
647 1050 684 1107 ad
698 1070 829 1108 mensam
849 1072 988 1130 magnam
1001 1054 1109 1114 sedeat.
1153 1058 1271 1134 Cogitet

68 1134 198 1211 qualiter
221 1152 290 1191 eum
312 1132 472 1209 praeparari
491 1134 634 1206 oporteat.
682 1130 729 1188 Sit
749 1138 852 1189 cautus
872 1139 903 1190 et
924 1135 1160 1212 circumspectus.
1204 1140 1271 1198 Stet

68 1223 200 1288 erectus3
234 1233 295 1271 non
317 1214 419 1288 jacens
445 1212 478 1268 in
504 1211 614 1269 Alteri
668 1211 791 1269 Oubitos
821 1214 930 1290 jungat
956 1215 1106 1277 lateribus.
1159 1219 1270 1280 Manus

67 1297 189 1368 exaltet,
205 1302 240 1352 ut
253 1294 457 1352 extremitates
478 1293 638 1369 digitorum
659 1293 807 1350 modicum
829 1314 918 1371 super
941 1294 1079 1355 humeros
1101 1298 1267 1360 videantur.

67 1377 258 1434 Intellectum
281 1374 372 1450 signis
394 1380 424 1431 et
446 1374 543 1430 verbis
565 1379 689 1449 coaptet,
706 1375 846 1449 quoniam
868 1395 975 1454 magna
996 1377 1091 1436 latent
1111 1380 1144 1436 in
1168 1381 1267 1458 signis,

65 1460 180 1534 majora
202 1458 235 1513 in
259 1456 366 1528 verbis,
387 1455 518 1512 maxima
541 1455 574 1511 in
595 1455 768 1512 intentione.
811 1455 882 1513 Tres
905 1458 1012 1534 digitos
1031 1460 1141 1536 jungat
1161 1463 1269 1538 quibus

65 1540 149 1614 signa
163 1539 261 1610 faciat,
276 1536 404 1612 reliquos
418 1536 491 1592 duos
511 1536 544 1591 iu
565 1554 655 1592 mann
670 1542 831 1611 componat.
876 1538 968 1614 Signa
981 1539 1070 1597 saciat
1083 1542 1193 1600 directe
1206 1564 1268 1602 non

64 1621 194 1695 oblique,
212 1619 272 1676 alte
286 1619 358 1675 satis
371 1636 409 1673 ne
422 1616 541 1674 calicem
556 1623 688 1673 everset:
709 1636 769 1673 non
791 1617 914 1675 circulos
928 1638 981 1694 pro
995 1621 1150 1680 crucibus.
1191 1623 1267 1683 Oum

64 1720 135 1758 vero
149 1699 353 1758 inclinandum
366 1698 431 1770 erit,
447 1717 508 1754 non
522 1697 639 1774 oblique
653 1697 704 1754 sed
716 1698 826 1755 directe
840 1705 910 1757 ante
924 1701 1039 1774 Altare,
1050 1707 1113 1761 toto
1127 1711 1267 1763 curvatus

64 1800 186 1858 corpore
200 1801 230 1839 se
244 1780 375 1837 inclinet.

125 1862 259 1920 Secunda
273 1866 326 1932 est,
341 1867 377 1916 ut
391 1879 451 1916 non
465 1864 550 1935 putet
564 1859 614 1916 sed
628 1864 708 1916 certo
722 1859 797 1916 sciat
811 1880 841 1917 se
856 1860 971 1920 debitas
987 1864 1126 1922 materias
1139 1866 1266 1941 habere;

62 1942 116 2000 hoc
131 1950 176 2001 est
189 1962 296 2019 panem
309 1941 460 1998 triticeum
479 1947 509 1996 et
524 1940 629 1997 vinum
649 1959 717 1997 oum
737 1960 813 2015 aqna
834 1943 955 2000 modica.
999 1944 1045 2002 De
1059 1945 1130 2003 vino
1144 1954 1175 2004 et
1187 1941 1266 2024 aqua

61 2025 174 2100 poterit
195 2024 237 2081 sic
258 2022 420 2080 certificari.
463 2021 574 2096 Exiget
594 2041 612 2077 a
631 2021 827 2094 ministrant
848 2029 947 2098 gustet
968 2031 1030 2081 tam
1050 2026 1155 2084 vinum
1176 2048 1266 2104 quam

62 2125 178 2182 aquam.
222 2104 291 2180 Ipse
314 2110 422 2160 autem·
437 2102 590 2177 presbyter
611 2108 728 2176 gustare
752 2122 813 2158 non
833 2103 928 2161 debet.
973 2105 1098 2163 Guttam
1112 2108 1219 2166 fundat
1232 2111 1264 2168 in

61 2205 203 2259 manum3
232 2185 325 2261 digito
347 2189 433 2253 terat,
449 2189 479 2239 et
500 2183 588 2239 odore
610 2183 651 2239 sic
673 2182 730 2240 erit
752 2184 866 2241 certior.
910 2185 981 2242 Non
1005 2187 1105 2244 credat
1127 2191 1264 2266 ampullae

61 2267 195 2343 signatae,
220 2285 280 2322 nou
301 2264 399 2335 colori,
424 2263 563 2339 quoniam
585 2263 691 2338 saepius
715 2263 832 2321 fallunt.
883 2265 996 2323 Videat
1019 2267 1138 2326 calicem
1163 2290 1200 2328 ne
1224 2272 1264 2329 sit

61 2348 182 2407 fractus.
234 2346 407 2404 consideret
425 2344 530 2400 vinum
540 2363 548 2415 3
570 2344 595 2400 si
616 2350 660 2400 est
680 2351 837 2415 acetosum,
859 2346 942 2403 nullo
964 2347 1050 2405 modo
1071 2348 1216 2424 celebret3
1236 2353 1262 2411 si

62 2434 107 2486 est
121 2425 266 2498 acidum,l
280 2425 462 2496 dissimulet3
484 2425 509 2482 si
529 2425 617 2481 nimis
638 2444 789 2500 aquosum,
809 2426 964 2499 abstineat,
986 2429 1044 2486 nisi
1064 2430 1139 2488 sciat
1156 2432 1262 2491 viuum

60 2528 144 2586 aquae
168 2507 336 2585 praevalere.
379 2507 420 2563 Et
441 2507 474 2563 in
498 2507 581 2562 omui
604 2525 681 2576 casu,
697 2505 723 2563 si
745 2507 896 2582 contingat
918 2509 1051 2567 dubitari
1072 2511 1120 2568 vel
1142 2520 1262 2589 propter

59 2590 211 2651 scedinem
225 2589 273 2646 vel
287 2593 408 2664 propter
427 2587 590 2643 mixturam
604 2587 651 2643 vel
669 2586 909 2663 illimpiditatem,
925 2596 1027 2647 utrum
1041 2593 1133 2666 possit
1147 2594 1260 2666 confici,

58 2671 239 2729 consulimus
266 2670 431 2740 abstinere3
466 2669 537 2744 quia
563 2668 596 2723 in
622 2667 676 2725 hoc
704 2676 885 2726 sacramento
912 2670 989 2727 nihil
1016 2673 1071 2729 sub
1099 2673 1188 2732 dubio
1215 2685 1261 2733 est

57 2752 215 2829 agendum,
231 2752 282 2809 ubi
296 2749 456 2808 certissime
469 2755 514 2806 est
528 2749 692 2819 dicendum,
707 2748 773 2806 Hoc
786 2759 826 2806 est
839 2751 917 2808 enini
930 2772 1033 2828 corpus
1046 2773 1143 2811 meniu
1156 2761 1187 2812 et
1200 2756 1261 2815 Hic

56 2843 98 2892 eet
112 2834 191 2891 enirn
204 2833 281 2890 colia
293 2830 449 2906 sanguinis
461 2831 525 2888 neci.
558 2830 637 2887 Item
651 2829 764 2886 oblatas
777 2831 984 2890 convenientes
997 2833 1095 2910 eligat,
1111 2840 1142 2892 et
1155 2837 1259 2895 viuum

56 2921 259 2990 competenter
271 2912 409 2969 infundat
420 2931 428 2983 ;
448 2910 593 2986 quiahoc
614 2917 829 2967 sacramentum
850 2912 936 2970 debet
956 2914 1091 2972 sensibus
1112 2916 1258 2975 deservire

56 2995 96 3054 ad
109 2994 281 3065 vivendum,
295 2992 485 3068 tangendum,
500 2999 530 3049 et
543 2991 723 3068 gustandum
731 3012 740 3063 3
761 2998 797 3049 ut
817 3012 918 3050 sensus
939 2995 1088 3052 reficiatur
1101 3016 1140 3053 ex
1153 2999 1256 3073 specie,

56 3081 88 3134 et
101 3075 270 3133 intellectus
283 3094 322 3131 ex
335 3094 366 3131 re
381 3079 519 3131 contenta
539 3074 680 3130 foveatur.
724 3073 814 3148 Aqua
828 3074 918 3131 etiam
932 3075 964 3131 in
978 3076 1153 3151 parvissima
1166 3098 1258 3154 quan·

57 3157 146 3215 titatc
166 3156 350 3226 infundatur,
366 3161 401 3211 ut
414 3174 433 3211 a
445 3155 516 3211 vino
536 3154 728 3210 absorbeatur
747 3160 778 3211 et
798 3173 930 3231 saporem
950 3156 1016 3213 vini
1035 3158 1158 3234 recipiat
1168 3179 1177 3232 3
1197 3179 1258 3218 non

57 3244 103 3296 est
117 3238 196 3295 enim
209 3236 373 3313 periculum
394 3241 654 3312 quantumcunque
675 3235 823 3291 modicum
843 3242 1009 3313 apponatur
1033 3238 1069 3295 de
1093 3258 1170 3314 aqua
1180 3259 1188 3312 ;
1212 3247 1259 3299 est

56 3325 157 3378 autem
179 3317 343 3394 periculum
356 3316 382 3373 si
395 3316 531 3373 multum.
573 3315 747 3391 Apponitur
769 3316 859 3373 etiam
881 3317 976 3375 solum
997 3337 1074 3396 aqua
1094 3320 1132 3377 ad
1147 3321 1257 3397 signifi·

55 3399 191 3458 candum.
229 3398 287 3456 Sed
300 3417 361 3454 una
374 3403 460 3472 gutta
472 3402 592 3452 tantum
605 3395 751 3470 significat
764 3404 910 3471 quantum
923 3397 1032 3474 plures.
1067 3400 1141 3458 Ideo
1154 3409 1257 3461 caveat

54 3481 188 3540 sacerdos
202 3499 240 3537 ne
254 3499 321 3536 cum
335 3478 449 3553 impetu
462 3476 609 3548 infundat,
624 3496 662 3533 ne
676 3476 765 3533 nimis
778 3477 871 3535 cadat.

117 3560 218 3618 Tertia
231 3567 285 3632 est,
301 3566 337 3616 ut
360 3558 508 3615 (lenonem
529 3557 673 3614 morosius
694 3557 772 3633 legat
794 3577 884 3633 quam
897 3564 1010 3622 caetera.
1052 3561 1094 3618 Et
1107 3563 1254 3640 prmoipue

54 3642 93 3704 ab
113 3641 165 3698 illo
185 3641 257 3711 1000,
276 3640 335 3710 Qui
349 3639 450 3714 pridie
470 3659 559 3713 quoni
577 3647 729 3713 pateretur
748 3639 863 3714 occepit.
905 3640 989 3698 Tunc
1008 3641 1087 3700 enim
1109 3645 1255 3719 respirans

52 3722 208 3781 attendere
222 3721 318 3793 debet,
333 3727 363 3777 et
377 3739 407 3776 se
420 3724 519 3777 totum
532 3719 674 3795 colligere,
690 3720 716 3776 si
728 3719 811 3796 prius
825 3739 885 3778 non
897 3722 1005 3797 potuit,
1017 3722 1141 3800 singulis
1155 3725 1254 3783 verbis

53 3802 220 3864 intendens.
264 3803 305 3858 Et
319 3821 385 3858 cum
394 3801 505 3858 dixerit
518 3800 646 3876 Accipite
659 3809 685 3857 et
698 3801 872 3859 manducate
885 3821 919 3859 ea
931 3801 1100 3871 decoctores,
1116 3807 1249 3882 respiret,

51 3890 83 3941 et
96 3903 157 3942 uno
171 3883 279 3960 spiritu
292 3882 412 3940 tractim
421 3881 501 3940 dicat
511 3881 575 3939 Hoc
584 3890 624 3939 cst
634 3881 712 3938 onina
726 3902 829 3958 corpus
841 3903 959 3954 menon
980 3885 1021 3942 sio
1034 3881 1094 3942 non
1108 3886 1254 3944 immiscet

51 3983 83 4023 se
106 3965 166 4022 alia
190 3965 337 4040 cogitatio.
391 3962 462 4020 Non
489 3963 568 4020 enim
596 3962 715 4020 videtur
742 3982 803 4019 esse
830 3964 1006 4022 rationabile
1033 3965 1252 4024 discontinunre

50 4045 178 4104 formam
201 4052 265 4104 tam
288 4045 416 4116 brevem,
441 4050 504 4102 tam
530 4043 662 4114 arduam,
688 4048 751 4100 tam
777 4044 930 4118 efficacem,
954 4045 1038 4124 cujus
1065 4053 1129 4103 tota
1156 4047 1252 4105 virtus

51 4126 200 4204 dependet
212 4125 250 4183 ab
263 4125 370 4183 ultimo
380 4124 479 4196 verbo,
491 4124 601 4181 scilicet
613 4144 717 4195 mum,
730 4124 809 4200 quod
822 4125 854 4182 in
868 4145 993 4202 persona
1007 4127 1120 4185 Christi
1133 4127 1249 4186 dicitur.

52 4206 143 4269 Unde
164 4226 226 4265 non
246 4207 334 4265 debet
355 4205 477 4264 cuilibet
497 4205 587 4262 verbo
608 4210 736 4280 punctus
760 4205 890 4282 imponi;
914 4226 982 4266 cum
995 4207 1027 4265 id
1040 4207 1123 4265 nulla
1136 4208 1251 4266 rationo

50 4289 150 4347 valeat
163 4294 199 4345 ut
212 4288 337 4359 dicatur,
350 4285 423 4357 Hoc,
435 4294 482 4357 cst,
494 4287 818 4361 calumniantium.
834 4287 885 4346 sed
898 4293 996 4346 totum
1009 4289 1098 4346 simul
1111 4290 1247 4366 proferat.

51 4368 123 4431 Pari
136 4370 224 4429 modo
238 4369 293 4428 hoc
306 4369 385 4427 idem
399 4369 431 4424 in
444 4367 539 4425 forma
552 4366 777 4424 consecrationis
790 4368 942 4444 sanguinis
955 4370 1134 4429 observetur.

318 4470 332 4498 ¹
347 4470 550 4517 Ed—oootosum.
581 4468 668 4514 Sarum
678 4468 772 4528 Missnl,
782 4470 849 4530 1513,
858 4483 885 4516 as
895 4472 956 4525 text.
