<?xml version="1.0" encoding="UTF-8"?>
<!DOCTYPE html PUBLIC "-//W3C//DTD XHTML 1.0 Transitional//EN"
    "http://www.w3.org/TR/xhtml1/DTD/xhtml1-transitional.dtd">
<html xmlns="http://www.w3.org/1999/xhtml" xml:lang="en" lang="en">
 <head>
  <title>
</title>
<meta http-equiv="Content-Type" content="text/html;charset=utf-8" />
  <meta name='ocr-system' content='tesseract 3.04.00' />
  <meta name='ocr-capabilities' content='ocr_page ocr_carea ocr_par ocr_line ocrx_word'/>
</head>
<body>
  <div class='ocr_page' id='page_1' title='image "./missaleadusumin01churgoog_0249.png"; bbox 0 0 2910 4904; ppageno 0'>
   <div class='ocr_carea' id='block_1_1' title="bbox 194 279 1045 355">
    <p class='ocr_par' dir='ltr' id='par_1_1' title="bbox 194 279 1045 355">
     <span class='ocr_line' id='line_1_1' title="bbox 194 279 1045 355; baseline 0.004 -11"><span class='ocrx_word' id='word_1_1' title='bbox 194 283 257 350; x_wconf 80' lang='lat'><strong>220</strong></span> <span class='ocrx_word' id='word_1_2' title='bbox 545 279 595 355; x_wconf 79' lang='lat' dir='ltr'><strong>Ia</strong></span> <span class='ocrx_word' id='word_1_3' title='bbox 616 279 708 346; x_wconf 79' lang='lat' dir='ltr'><strong>Festo</strong></span> <span class='ocrx_word' id='word_1_4' title='bbox 733 279 870 347; x_wconf 79' lang='lat' dir='ltr'><strong>Corosoe</strong></span> <span class='ocrx_word' id='word_1_5' title='bbox 892 279 1045 347; x_wconf 73' lang='lat' dir='ltr'><strong>Domini.</strong></span> 
     </span>
    </p>
   </div>
   <div class='ocr_carea' id='block_1_2' title="bbox 191 447 1393 1187">
    <p class='ocr_par' dir='ltr' id='par_1_2' title="bbox 253 447 372 507">
     <span class='ocr_line' id='line_1_2' title="bbox 253 447 372 507; baseline -0.008 -1"><span class='ocrx_word' id='word_1_6' title='bbox 253 447 372 507; x_wconf 77' lang='lat' dir='ltr'><strong>Secreta.</strong></span> 
     </span>
    </p>

    <p class='ocr_par' dir='ltr' id='par_1_3' title="bbox 191 527 1393 926">
     <span class='ocr_line' id='line_1_3' title="bbox 252 527 1390 605; baseline 0.004 -20"><span class='ocrx_word' id='word_1_7' title='bbox 252 529 292 585; x_wconf 92' lang='lat' dir='ltr'><strong>In</strong></span> <span class='ocrx_word' id='word_1_8' title='bbox 315 528 504 587; x_wconf 88' lang='lat' dir='ltr'><strong>veneratione</strong></span> <span class='ocrx_word' id='word_1_9' title='bbox 517 527 646 586; x_wconf 87' lang='lat' dir='ltr'><strong>nominis</strong></span> <span class='ocrx_word' id='word_1_10' title='bbox 666 528 767 586; x_wconf 88' lang='lat' dir='ltr'><strong>dilecti</strong></span> <span class='ocrx_word' id='word_1_11' title='bbox 781 527 853 586; x_wconf 84' lang='lat' dir='ltr'><strong>Filii</strong></span> <span class='ocrx_word' id='word_1_12' title='bbox 872 529 919 586; x_wconf 93' lang='lat' dir='ltr'><strong>tui</strong></span> <span class='ocrx_word' id='word_1_13' title='bbox 933 529 1057 587; x_wconf 88' lang='lat' dir='ltr'><strong>Domini</strong></span> <span class='ocrx_word' id='word_1_14' title='bbox 1074 529 1171 588; x_wconf 80' lang='lat' dir='ltr'><strong>nostri</strong></span> <span class='ocrx_word' id='word_1_15' title='bbox 1183 529 1207 589; x_wconf 90' lang='lat' dir='ltr'><strong>J</strong></span> <span class='ocrx_word' id='word_1_16' title='bbox 1207 548 1261 588; x_wconf 86' lang='lat' dir='ltr'><strong>esu</strong></span> <span class='ocrx_word' id='word_1_17' title='bbox 1275 529 1390 605; x_wconf 89' lang='lat' dir='ltr'><strong>Christi,</strong></span> 
     </span>
     <span class='ocr_line' id='line_1_4' title="bbox 192 609 1391 685; baseline 0.004 -20"><span class='ocrx_word' id='word_1_18' title='bbox 192 609 275 666; x_wconf 89' lang='lat' dir='ltr'><strong>Deus</strong></span> <span class='ocrx_word' id='word_1_19' title='bbox 302 609 393 668; x_wconf 91' lang='lat' dir='ltr'><strong>Pater</strong></span> <span class='ocrx_word' id='word_1_20' title='bbox 419 609 694 682; x_wconf 82' lang='lat' dir='ltr'><strong>misericordiamm,</strong></span> <span class='ocrx_word' id='word_1_21' title='bbox 725 609 841 667; x_wconf 87' lang='lat' dir='ltr'><strong>devotis</strong></span> <span class='ocrx_word' id='word_1_22' title='bbox 867 611 1018 668; x_wconf 89' lang='lat' dir='ltr'><strong>mentibus</strong></span> <span class='ocrx_word' id='word_1_23' title='bbox 1045 610 1157 669; x_wconf 86' lang='lat' dir='ltr'><strong>hostias</strong></span> <span class='ocrx_word' id='word_1_24' title='bbox 1184 610 1372 670; x_wconf 82' lang='lat' dir='ltr'><strong>immolamus</strong></span> <span class='ocrx_word' id='word_1_25' title='bbox 1383 632 1391 685; x_wconf 81' lang='lat'><em>3</em></span> 
     </span>
     <span class='ocr_line' id='line_1_5' title="bbox 192 690 1393 769; baseline 0.001 -19"><span class='ocrx_word' id='word_1_26' title='bbox 192 690 365 768; x_wconf 74' lang='lat' dir='ltr'><strong>suppliciter</strong></span> <span class='ocrx_word' id='word_1_27' title='bbox 388 690 586 767; x_wconf 86' lang='lat' dir='ltr'><strong>deprecantes,</strong></span> <span class='ocrx_word' id='word_1_28' title='bbox 611 696 646 747; x_wconf 94' lang='lat' dir='ltr'><strong>ut</strong></span> <span class='ocrx_word' id='word_1_29' title='bbox 669 709 769 748; x_wconf 90' lang='lat' dir='ltr'><strong>earum</strong></span> <span class='ocrx_word' id='word_1_30' title='bbox 794 690 906 749; x_wconf 89' lang='lat' dir='ltr'><strong>virtute</strong></span> <span class='ocrx_word' id='word_1_31' title='bbox 930 692 1044 750; x_wconf 84' lang='lat' dir='ltr'><strong>cunctis</strong></span> <span class='ocrx_word' id='word_1_32' title='bbox 1064 692 1221 768; x_wconf 74' lang='lat' dir='ltr'><strong>egentibus</strong></span> <span class='ocrx_word' id='word_1_33' title='bbox 1240 698 1393 769; x_wconf 74' lang='lat' dir='ltr'><strong>praestetur</strong></span> 
     </span>
     <span class='ocr_line' id='line_1_6' title="bbox 191 770 1392 851; baseline 0.006 -25"><span class='ocrx_word' id='word_1_34' title='bbox 191 771 344 844; x_wconf 80' lang='lat' dir='ltr'><strong>auxilium,</strong></span> <span class='ocrx_word' id='word_1_35' title='bbox 361 777 396 828; x_wconf 90' lang='lat' dir='ltr'><strong>ut</strong></span> <span class='ocrx_word' id='word_1_36' title='bbox 409 770 443 828; x_wconf 93' lang='lat' dir='ltr'><strong>in</strong></span> <span class='ocrx_word' id='word_1_37' title='bbox 456 771 557 829; x_wconf 90' lang='lat' dir='ltr'><strong>eodem</strong></span> <span class='ocrx_word' id='word_1_38' title='bbox 571 771 691 829; x_wconf 91' lang='lat' dir='ltr'><strong>nomine</strong></span> <span class='ocrx_word' id='word_1_39' title='bbox 704 771 891 844; x_wconf 89' lang='lat' dir='ltr'><strong>delectantes,</strong></span> <span class='ocrx_word' id='word_1_40' title='bbox 908 771 1068 830; x_wconf 84' lang='lat' dir='ltr'><strong>salutarem</strong></span> <span class='ocrx_word' id='word_1_41' title='bbox 1082 772 1130 830; x_wconf 89' lang='lat' dir='ltr'><strong>sui</strong></span> <span class='ocrx_word' id='word_1_42' title='bbox 1142 773 1290 851; x_wconf 79' lang='lat' dir='ltr'><strong>propositi</strong></span> <span class='ocrx_word' id='word_1_43' title='bbox 1302 792 1392 833; x_wconf 84' lang='lat' dir='ltr'><strong>conse</strong></span> 
     </span>
     <span class='ocr_line' id='line_1_7' title="bbox 192 851 588 926; baseline 0.005 -19"><span class='ocrx_word' id='word_1_44' title='bbox 192 858 323 926; x_wconf 81' lang='lat' dir='ltr'><strong>quantur</strong></span> <span class='ocrx_word' id='word_1_45' title='bbox 336 853 479 911; x_wconf 80' lang='lat' dir='ltr'><strong>effectum</strong></span> <span class='ocrx_word' id='word_1_46' title='bbox 522 851 588 909; x_wconf 89' lang='lat' dir='ltr'><strong>Per.</strong></span> 
     </span>
    </p>

    <p class='ocr_par' dir='ltr' id='par_1_4' title="bbox 254 943 436 1005">
     <span class='ocr_line' id='line_1_8' title="bbox 254 943 436 1005; baseline 0.005 -1"><span class='ocrx_word' id='word_1_47' title='bbox 254 943 436 1005; x_wconf 72' lang='lat' dir='ltr'><strong>Communis.</strong></span> 
     </span>
    </p>

    <p class='ocr_par' dir='ltr' id='par_1_5' title="bbox 192 1024 1389 1187">
     <span class='ocr_line' id='line_1_9' title="bbox 252 1024 1389 1098; baseline 0.005 -17"><span class='ocrx_word' id='word_1_48' title='bbox 252 1024 395 1084; x_wconf 81' lang='lat' dir='ltr'><strong>Vincenti</strong></span> <span class='ocrx_word' id='word_1_49' title='bbox 419 1026 494 1083; x_wconf 87' lang='lat' dir='ltr'><strong>dabo</strong></span> <span class='ocrx_word' id='word_1_50' title='bbox 508 1045 617 1083; x_wconf 88' lang='lat' dir='ltr'><strong>manna</strong></span> <span class='ocrx_word' id='word_1_51' title='bbox 629 1025 842 1098; x_wconf 88' lang='lat' dir='ltr'><strong>absconditum,</strong></span> <span class='ocrx_word' id='word_1_52' title='bbox 865 1033 896 1084; x_wconf 90' lang='lat' dir='ltr'><strong>et</strong></span> <span class='ocrx_word' id='word_1_53' title='bbox 909 1027 984 1084; x_wconf 82' lang='lat' dir='ltr'><strong>dabo</strong></span> <span class='ocrx_word' id='word_1_54' title='bbox 997 1026 1045 1084; x_wconf 92' lang='lat' dir='ltr'><strong>illi</strong></span> <span class='ocrx_word' id='word_1_55' title='bbox 1057 1026 1203 1086; x_wconf 90' lang='lat' dir='ltr'><strong>calculum</strong></span> <span class='ocrx_word' id='word_1_56' title='bbox 1216 1028 1389 1087; x_wconf 86' lang='lat' dir='ltr'><strong>candidum:</strong></span> 
     </span>
     <span class='ocr_line' id='line_1_10' title="bbox 192 1106 1363 1187; baseline 0.005 -24"><span class='ocrx_word' id='word_1_57' title='bbox 192 1111 223 1163; x_wconf 90' lang='lat' dir='ltr'><strong>et</strong></span> <span class='ocrx_word' id='word_1_58' title='bbox 236 1106 269 1162; x_wconf 89' lang='lat' dir='ltr'><strong>in</strong></span> <span class='ocrx_word' id='word_1_59' title='bbox 282 1106 392 1164; x_wconf 89' lang='lat' dir='ltr'><strong>calculo</strong></span> <span class='ocrx_word' id='word_1_60' title='bbox 406 1127 517 1164; x_wconf 89' lang='lat' dir='ltr'><strong>novum</strong></span> <span class='ocrx_word' id='word_1_61' title='bbox 529 1126 639 1165; x_wconf 90' lang='lat' dir='ltr'><strong>nomen</strong></span> <span class='ocrx_word' id='word_1_62' title='bbox 652 1106 805 1184; x_wconf 90' lang='lat' dir='ltr'><strong>scriptum,</strong></span> <span class='ocrx_word' id='word_1_63' title='bbox 820 1108 899 1184; x_wconf 89' lang='lat' dir='ltr'><strong>quod</strong></span> <span class='ocrx_word' id='word_1_64' title='bbox 912 1127 999 1165; x_wconf 90' lang='lat' dir='ltr'><strong>nemo</strong></span> <span class='ocrx_word' id='word_1_65' title='bbox 1012 1108 1097 1166; x_wconf 88' lang='lat' dir='ltr'><strong>novit</strong></span> <span class='ocrx_word' id='word_1_66' title='bbox 1110 1109 1169 1167; x_wconf 90' lang='lat' dir='ltr'><strong>nisi</strong></span> <span class='ocrx_word' id='word_1_67' title='bbox 1181 1109 1237 1186; x_wconf 86' lang='lat' dir='ltr'><strong>qui</strong></span> <span class='ocrx_word' id='word_1_68' title='bbox 1249 1109 1363 1187; x_wconf 84' lang='lat' dir='ltr'><strong>accipit</strong></span> 
     </span>
    </p>
   </div>
   <div class='ocr_carea' id='block_1_3' title="bbox 192 1203 1392 1766">
    <p class='ocr_par' dir='ltr' id='par_1_6' title="bbox 253 1203 495 1262">
     <span class='ocr_line' id='line_1_11' title="bbox 253 1203 495 1262; baseline 0.012 -3"><span class='ocrx_word' id='word_1_69' title='bbox 253 1203 495 1262; x_wconf 79' lang='lat' dir='ltr'><strong>Pcatcommcene&#39;o.</strong></span> 
     </span>
    </p>

    <p class='ocr_par' dir='ltr' id='par_1_7' title="bbox 192 1283 1392 1766">
     <span class='ocr_line' id='line_1_12' title="bbox 253 1283 1391 1365; baseline 0.003 -23"><span class='ocrx_word' id='word_1_70' title='bbox 253 1283 443 1342; x_wconf 83' lang='lat' dir='ltr'><strong>Sacrosancta</strong></span> <span class='ocrx_word' id='word_1_71' title='bbox 455 1283 595 1361; x_wconf 86' lang='lat' dir='ltr'><strong>mysteria</strong></span> <span class='ocrx_word' id='word_1_72' title='bbox 609 1304 674 1361; x_wconf 87' lang='lat' dir='ltr'><strong>quae</strong></span> <span class='ocrx_word' id='word_1_73' title='bbox 689 1284 875 1360; x_wconf 78' lang='lat' dir='ltr'><strong>sumpsimus,</strong></span> <span class='ocrx_word' id='word_1_74' title='bbox 890 1285 1027 1359; x_wconf 91' lang='lat' dir='ltr'><strong>Domine,</strong></span> <span class='ocrx_word' id='word_1_75' title='bbox 1048 1286 1087 1343; x_wconf 88' lang='lat' dir='ltr'><strong>ad</strong></span> <span class='ocrx_word' id='word_1_76' title='bbox 1100 1286 1242 1344; x_wconf 87' lang='lat' dir='ltr'><strong>honorem</strong></span> <span class='ocrx_word' id='word_1_77' title='bbox 1255 1288 1391 1365; x_wconf 85' lang='lat' dir='ltr'><strong>complac</strong></span> 
     </span>
     <span class='ocr_line' id='line_1_13' title="bbox 192 1364 1392 1444; baseline 0.004 -24"><span class='ocrx_word' id='word_1_78' title='bbox 192 1364 337 1422; x_wconf 88' lang='lat' dir='ltr'><strong>entissimi</strong></span> <span class='ocrx_word' id='word_1_79' title='bbox 351 1365 476 1423; x_wconf 93' lang='lat' dir='ltr'><strong>Domini</strong></span> <span class='ocrx_word' id='word_1_80' title='bbox 488 1366 584 1423; x_wconf 88' lang='lat' dir='ltr'><strong>nostri</strong></span> <span class='ocrx_word' id='word_1_81' title='bbox 597 1366 619 1425; x_wconf 87' lang='lat' dir='ltr'><strong>J</strong></span> <span class='ocrx_word' id='word_1_82' title='bbox 620 1384 672 1422; x_wconf 91' lang='lat' dir='ltr'><strong>esu</strong></span> <span class='ocrx_word' id='word_1_83' title='bbox 686 1364 800 1423; x_wconf 78' lang='lat' dir='ltr'><strong>Christi</strong></span> <span class='ocrx_word' id='word_1_84' title='bbox 812 1366 928 1423; x_wconf 86' lang='lat' dir='ltr'><strong>devotis</strong></span> <span class='ocrx_word' id='word_1_85' title='bbox 948 1366 1085 1424; x_wconf 91' lang='lat' dir='ltr'><strong>cordibus</strong></span> <span class='ocrx_word' id='word_1_86' title='bbox 1099 1366 1271 1439; x_wconf 87' lang='lat' dir='ltr'><strong>recolentes,</strong></span> <span class='ocrx_word' id='word_1_87' title='bbox 1286 1387 1392 1444; x_wconf 76' lang='lat' dir='ltr'><strong>quaesu-</strong></span> 
     </span>
     <span class='ocr_line' id='line_1_14' title="bbox 193 1445 1390 1523; baseline 0.005 -21"><span class='ocrx_word' id='word_1_88' title='bbox 193 1465 267 1517; x_wconf 75' lang='lat' dir='ltr'><strong>muS,</strong></span> <span class='ocrx_word' id='word_1_89' title='bbox 278 1456 314 1503; x_wconf 90' lang='lat' dir='ltr'><strong>ut</strong></span> <span class='ocrx_word' id='word_1_90' title='bbox 322 1446 504 1504; x_wconf 90' lang='lat' dir='ltr'><strong>incrementa</strong></span> <span class='ocrx_word' id='word_1_91' title='bbox 517 1445 679 1523; x_wconf 90' lang='lat' dir='ltr'><strong>spiritualis</strong></span> <span class='ocrx_word' id='word_1_92' title='bbox 689 1446 898 1504; x_wconf 74' lang='lat' dir='ltr'><strong>exsultationis</strong></span> <span class='ocrx_word' id='word_1_93' title='bbox 910 1446 996 1504; x_wconf 91' lang='lat' dir='ltr'><strong>nobis</strong></span> <span class='ocrx_word' id='word_1_94' title='bbox 1008 1447 1203 1519; x_wconf 77' lang='lat' dir='ltr'><strong>accumulent,</strong></span> <span class='ocrx_word' id='word_1_95' title='bbox 1213 1454 1245 1506; x_wconf 88' lang='lat' dir='ltr'><strong>et</strong></span> <span class='ocrx_word' id='word_1_96' title='bbox 1257 1449 1390 1508; x_wconf 83' lang='lat' dir='ltr'><strong>affectum</strong></span> 
     </span>
     <span class='ocr_line' id='line_1_15' title="bbox 192 1526 1388 1605; baseline 0.006 -23"><span class='ocrx_word' id='word_1_97' title='bbox 192 1531 327 1583; x_wconf 90' lang='lat' dir='ltr'><strong>nostrum</strong></span> <span class='ocrx_word' id='word_1_98' title='bbox 354 1526 391 1584; x_wconf 86' lang='lat' dir='ltr'><strong>ad</strong></span> <span class='ocrx_word' id='word_1_99' title='bbox 414 1527 469 1585; x_wconf 90' lang='lat' dir='ltr'><strong>hoc</strong></span> <span class='ocrx_word' id='word_1_100' title='bbox 493 1527 679 1584; x_wconf 85' lang='lat' dir='ltr'><strong>salutiferum</strong></span> <span class='ocrx_word' id='word_1_101' title='bbox 699 1546 807 1584; x_wconf 90' lang='lat' dir='ltr'><strong>nomen</strong></span> <span class='ocrx_word' id='word_1_102' title='bbox 829 1527 944 1604; x_wconf 87' lang='lat' dir='ltr'><strong>jugiter</strong></span> <span class='ocrx_word' id='word_1_103' title='bbox 969 1527 1200 1605; x_wconf 84' lang='lat' dir='ltr'><strong>imprimendum</strong></span> <span class='ocrx_word' id='word_1_104' title='bbox 1224 1530 1388 1601; x_wconf 86' lang='lat' dir='ltr'><strong>accendant,</strong></span> 
     </span>
     <span class='ocr_line' id='line_1_16' title="bbox 193 1607 1390 1684; baseline 0.004 -20"><span class='ocrx_word' id='word_1_105' title='bbox 193 1614 223 1664; x_wconf 88' lang='lat' dir='ltr'><strong>et</strong></span> <span class='ocrx_word' id='word_1_106' title='bbox 250 1607 287 1664; x_wconf 92' lang='lat' dir='ltr'><strong>ad</strong></span> <span class='ocrx_word' id='word_1_107' title='bbox 309 1608 501 1684; x_wconf 88' lang='lat' dir='ltr'><strong>jubilandum</strong></span> <span class='ocrx_word' id='word_1_108' title='bbox 528 1608 560 1665; x_wconf 92' lang='lat' dir='ltr'><strong>in</strong></span> <span class='ocrx_word' id='word_1_109' title='bbox 586 1608 662 1665; x_wconf 83' lang='lat' dir='ltr'><strong>Jesu</strong></span> <span class='ocrx_word' id='word_1_110' title='bbox 689 1608 835 1666; x_wconf 78' lang='lat' dir='ltr'><strong>salvatore</strong></span> <span class='ocrx_word' id='word_1_111' title='bbox 861 1613 962 1666; x_wconf 80' lang='lat' dir='ltr'><strong>nostro</strong></span> <span class='ocrx_word' id='word_1_112' title='bbox 989 1608 1165 1683; x_wconf 88' lang='lat' dir='ltr'><strong>dulcissimo,</strong></span> <span class='ocrx_word' id='word_1_113' title='bbox 1194 1615 1261 1667; x_wconf 79' lang='lat' dir='ltr'><strong>tota</strong></span> <span class='ocrx_word' id='word_1_114' title='bbox 1287 1611 1390 1671; x_wconf 91' lang='lat' dir='ltr'><strong>mentis</strong></span> 
     </span>
     <span class='ocr_line' id='line_1_17' title="bbox 192 1688 819 1766; baseline 0.005 -22"><span class='ocrx_word' id='word_1_115' title='bbox 192 1688 357 1747; x_wconf 82' lang='lat' dir='ltr'><strong>attentione</strong></span> <span class='ocrx_word' id='word_1_116' title='bbox 371 1696 570 1766; x_wconf 89' lang='lat' dir='ltr'><strong>promoveant.</strong></span> <span class='ocrx_word' id='word_1_117' title='bbox 613 1688 672 1746; x_wconf 89' lang='lat' dir='ltr'><strong>Per</strong></span> <span class='ocrx_word' id='word_1_118' title='bbox 686 1689 819 1747; x_wconf 84' lang='lat' dir='ltr'><strong>eundem.</strong></span> 
     </span>
    </p>
   </div>
   <div class='ocr_carea' id='block_1_4' title="bbox 254 1781 1389 1864">
    <p class='ocr_par' dir='ltr' id='par_1_8' title="bbox 254 1781 1389 1864">
     <span class='ocr_line' id='line_1_18' title="bbox 254 1781 1389 1864; baseline 0.003 -23"><span class='ocrx_word' id='word_1_119' title='bbox 254 1781 325 1864; x_wconf 85' lang='lat' dir='ltr'><strong>[Per</strong></span> <span class='ocrx_word' id='word_1_120' title='bbox 338 1794 412 1843; x_wconf 82' lang='lat' dir='ltr'><strong>totas</strong></span> <span class='ocrx_word' id='word_1_121' title='bbox 427 1785 548 1844; x_wconf 81' lang='lat' dir='ltr'><strong>Oetaeae</strong></span> <span class='ocrx_word' id='word_1_122' title='bbox 561 1785 671 1843; x_wconf 79' lang='lat' dir='ltr'><strong>dicitur</strong></span> <span class='ocrx_word' id='word_1_123' title='bbox 691 1786 1087 1861; x_wconf 56' lang='lat' dir='ltr'><strong>susceptationem</strong></span> <span class='ocrx_word' id='word_1_124' title='bbox 1106 1788 1142 1846; x_wconf 84' lang='lat' dir='ltr'><strong>de</strong></span> <span class='ocrx_word' id='word_1_125' title='bbox 1157 1786 1275 1847; x_wconf 78' lang='lat' dir='ltr'><strong>Oetaeis</strong></span> <span class='ocrx_word' id='word_1_126' title='bbox 1287 1788 1389 1863; x_wconf 70' lang='lat' dir='ltr'><strong>egitur,</strong></span> 
     </span>
    </p>
   </div>
   <div class='ocr_carea' id='block_1_5' title="bbox 192 1865 1390 2026">
    <p class='ocr_par' dir='ltr' id='par_1_9' title="bbox 192 1865 1390 2026">
     <span class='ocr_line' id='line_1_19' title="bbox 192 1865 1390 2026; baseline 0.005 -104.01"><span class='ocrx_word' id='word_1_127' title='bbox 192 1865 295 2003; x_wconf 50' lang='lat' dir='ltr'><strong>{dds</strong></span> <span class='ocrx_word' id='word_1_128' title='bbox 268 1885 330 2026; x_wconf 54' lang='lat' dir='ltr'><strong>agap</strong></span> <span class='ocrx_word' id='word_1_129' title='bbox 357 1865 459 1925; x_wconf 88' lang='lat' dir='ltr'><strong>Credo.</strong></span> <span class='ocrx_word' id='word_1_130' title='bbox 501 1865 659 1941; x_wconf 75' lang='lat' dir='ltr'><strong>Sequentia</strong></span> <span class='ocrx_word' id='word_1_131' title='bbox 686 1886 743 1942; x_wconf 79' lang='lat' dir='ltr'><strong>per</strong></span> <span class='ocrx_word' id='word_1_132' title='bbox 767 1865 897 1938; x_wconf 78' lang='lat' dir='ltr'><strong>Oetaeas,</strong></span> <span class='ocrx_word' id='word_1_133' title='bbox 917 1866 1007 1926; x_wconf 87' lang='lat' dir='ltr'><strong>Jesus</strong></span> <span class='ocrx_word' id='word_1_134' title='bbox 1038 1868 1192 1946; x_wconf 87' lang='lat' dir='ltr'><strong>pulcher</strong></span> <span class='ocrx_word' id='word_1_135' title='bbox 1182 1888 1217 1926; x_wconf 90' lang='grc' dir='ltr'><strong>ιιι</strong></span> <span class='ocrx_word' id='word_1_136' title='bbox 1243 1869 1390 1928; x_wconf 84' lang='lat' dir='ltr'><strong>decora-</strong></span> 
     </span>
    </p>
   </div>
   <div class='ocr_carea' id='block_1_6' title="bbox 253 2102 1389 2339">
    <p class='ocr_par' dir='ltr' id='par_1_10' title="bbox 253 2102 1389 2339">
     <span class='ocr_line' id='line_1_20' title="bbox 558 2102 1026 2169; baseline 0.009 -9"><span class='ocrx_word' id='word_1_137' title='bbox 558 2102 599 2161; x_wconf 85' lang='grc' dir='ltr'><strong>Ιιι</strong></span> <span class='ocrx_word' id='word_1_138' title='bbox 619 2103 719 2162; x_wconf 84' lang='lat' dir='ltr'><strong>Frsro</strong></span> <span class='ocrx_word' id='word_1_139' title='bbox 741 2103 876 2163; x_wconf 79' lang='lat' dir='ltr'><strong>Consus</strong></span> <span class='ocrx_word' id='word_1_140' title='bbox 895 2103 1026 2169; x_wconf 73' lang='lat' dir='ltr'><strong>Domus</strong></span> 
     </span>
     <span class='ocr_line' id='line_1_21' title="bbox 256 2183 396 2258; baseline 0 -18"><span class='ocrx_word' id='word_1_141' title='bbox 256 2183 396 2258; x_wconf 67' lang='lat' dir='ltr'><strong>Officiosus</strong></span> 
     </span>
     <span class='ocr_line' id='line_1_22' title="bbox 253 2264 1389 2339; baseline 0.001 -18"><span class='ocrx_word' id='word_1_142' title='bbox 253 2264 441 2322; x_wconf 82' lang='lat' dir='ltr'><strong>Gaudeamus</strong></span> <span class='ocrx_word' id='word_1_143' title='bbox 458 2284 559 2323; x_wconf 88' lang='lat' dir='ltr'><strong>omnes</strong></span> <span class='ocrx_word' id='word_1_144' title='bbox 582 2265 616 2322; x_wconf 92' lang='lat' dir='ltr'><strong>in</strong></span> <span class='ocrx_word' id='word_1_145' title='bbox 636 2266 774 2339; x_wconf 90' lang='lat' dir='ltr'><strong>Domino,</strong></span> <span class='ocrx_word' id='word_1_146' title='bbox 791 2266 871 2323; x_wconf 92' lang='lat' dir='ltr'><strong>diem</strong></span> <span class='ocrx_word' id='word_1_147' title='bbox 883 2265 994 2323; x_wconf 82' lang='lat' dir='ltr'><strong>festum</strong></span> <span class='ocrx_word' id='word_1_148' title='bbox 1013 2264 1195 2325; x_wconf 84' lang='lat' dir='ltr'><strong>celebrantes</strong></span> <span class='ocrx_word' id='word_1_149' title='bbox 1214 2265 1274 2325; x_wconf 87' lang='lat' dir='ltr'><strong>sub</strong></span> <span class='ocrx_word' id='word_1_150' title='bbox 1286 2266 1389 2325; x_wconf 88' lang='lat' dir='ltr'><strong>honore</strong></span> 
     </span>
    </p>
   </div>
   <div class='ocr_carea' id='block_1_7' title="bbox 156 2345 1390 2486">
    <p class='ocr_par' dir='ltr' id='par_1_11' title="bbox 156 2345 1390 2486">
     <span class='ocr_line' id='line_1_23' title="bbox 156 2345 1390 2484; baseline 0.002 -83"><span class='ocrx_word' id='word_1_151' title='bbox 156 2365 158 2368; x_wconf 89' lang='lat'>·</span> <span class='ocrx_word' id='word_1_152' title='bbox 193 2364 306 2482; x_wconf 55' lang='lat' dir='ltr'><strong>effipnae</strong></span> <span class='ocrx_word' id='word_1_153' title='bbox 320 2345 473 2484; x_wconf 61' lang='lat' dir='ltr'><strong>IDomini:</strong></span> <span class='ocrx_word' id='word_1_154' title='bbox 494 2347 530 2404; x_wconf 90' lang='lat' dir='ltr'><strong>de</strong></span> <span class='ocrx_word' id='word_1_155' title='bbox 558 2347 642 2422; x_wconf 88' lang='lat' dir='ltr'><strong>cujus</strong></span> <span class='ocrx_word' id='word_1_156' title='bbox 666 2347 865 2405; x_wconf 88' lang='lat' dir='ltr'><strong>sollemnitate</strong></span> <span class='ocrx_word' id='word_1_157' title='bbox 891 2347 1022 2425; x_wconf 83' lang='lat' dir='ltr'><strong>gaudent</strong></span> <span class='ocrx_word' id='word_1_158' title='bbox 1049 2346 1148 2423; x_wconf 85' lang='lat' dir='ltr'><strong>angeli</strong></span> <span class='ocrx_word' id='word_1_159' title='bbox 1170 2353 1202 2404; x_wconf 89' lang='lat' dir='ltr'><strong>ct</strong></span> <span class='ocrx_word' id='word_1_160' title='bbox 1225 2346 1390 2406; x_wconf 85' lang='lat' dir='ltr'><strong>collaudant</strong></span> 
     </span>
     <span class='ocr_line' id='line_1_24' title="bbox 256 2446 386 2486; baseline 0.031 -4"><span class='ocrx_word' id='word_1_161' title='bbox 256 2447 306 2482; x_wconf 89' lang='lat' dir='ltr'><strong>um</strong></span> <span class='ocrx_word' id='word_1_162' title='bbox 351 2446 386 2486; x_wconf 77' lang='lat' dir='ltr'><strong>el.</strong></span> 
     </span>
    </p>
   </div>
   <div class='ocr_carea' id='block_1_8' title="bbox 252 2518 397 2578">
    <p class='ocr_par' dir='ltr' id='par_1_12' title="bbox 252 2518 397 2578">
     <span class='ocr_line' id='line_1_25' title="bbox 252 2518 397 2578; baseline 0.014 -3"><span class='ocrx_word' id='word_1_163' title='bbox 252 2518 397 2578; x_wconf 81' lang='lat' dir='ltr'><strong>Paslmus.</strong></span> 
     </span>
    </p>
   </div>
   <div class='ocr_carea' id='block_1_9' title="bbox 193 2600 1392 2740">
    <p class='ocr_par' dir='ltr' id='par_1_13' title="bbox 193 2600 1392 2740">
     <span class='ocr_line' id='line_1_26' title="bbox 254 2600 1392 2740; baseline -0.002 -81"><span class='ocrx_word' id='word_1_164' title='bbox 254 2600 408 2740; x_wconf 54' lang='lat' dir='ltr'><strong>CaudenpL</strong></span> <span class='ocrx_word' id='word_1_165' title='bbox 406 2600 503 2678; x_wconf 89' lang='lat' dir='ltr'><strong>angeli</strong></span> <span class='ocrx_word' id='word_1_166' title='bbox 522 2606 553 2659; x_wconf 87' lang='lat' dir='ltr'><strong>et</strong></span> <span class='ocrx_word' id='word_1_167' title='bbox 573 2600 726 2660; x_wconf 85' lang='lat' dir='ltr'><strong>exsultant</strong></span> <span class='ocrx_word' id='word_1_168' title='bbox 745 2600 934 2680; x_wconf 86' lang='lat' dir='ltr'><strong>archangeli:</strong></span> <span class='ocrx_word' id='word_1_169' title='bbox 955 2601 1096 2660; x_wconf 81' lang='lat' dir='ltr'><strong>laetantur</strong></span> <span class='ocrx_word' id='word_1_170' title='bbox 1108 2605 1140 2659; x_wconf 91' lang='lat' dir='ltr'><strong>et</strong></span> <span class='ocrx_word' id='word_1_171' title='bbox 1152 2600 1392 2679; x_wconf 80' lang='lat' dir='ltr'><strong>congratulantur</strong></span> 
     </span>
     <span class='ocr_line' id='line_1_27' title="bbox 193 2700 375 2740; baseline 0.005 -3"><span class='ocrx_word' id='word_1_172' title='bbox 193 2700 293 2738; x_wconf 88' lang='lat' dir='ltr'><strong>omnes</strong></span> <span class='ocrx_word' id='word_1_173' title='bbox 305 2700 375 2740; x_wconf 89' lang='lat' dir='ltr'><strong>sanc</strong></span> 
     </span>
    </p>
   </div>
   <div class='ocr_carea' id='block_1_10' title="bbox 194 2773 1423 3094">
    <p class='ocr_par' dir='ltr' id='par_1_14' title="bbox 194 2773 1423 3094">
     <span class='ocr_line' id='line_1_28' title="bbox 253 2773 1391 2953; baseline 0.003 -41"><span class='ocrx_word' id='word_1_174' title='bbox 253 2773 375 2926; x_wconf 44' lang='lat' dir='ltr'><strong>Videbis,</strong></span> <span class='ocrx_word' id='word_1_175' title='bbox 389 2874 566 2950; x_wconf 73' lang='lat' dir='ltr'><strong>quaesumus,</strong></span> <span class='ocrx_word' id='word_1_176' title='bbox 581 2856 766 2932; x_wconf 90' lang='lat' dir='ltr'><strong>omnipotens</strong></span> <span class='ocrx_word' id='word_1_177' title='bbox 780 2856 923 2928; x_wconf 91' lang='lat' dir='ltr'><strong>Deusut</strong></span> <span class='ocrx_word' id='word_1_178' title='bbox 887 2855 1024 2932; x_wconf 86' lang='lat' dir='ltr'><strong>utqui</strong></span> <span class='ocrx_word' id='word_1_179' title='bbox 1015 2876 1048 2913; x_wconf 88' lang='lat' dir='ltr'><strong>m</strong></span> <span class='ocrx_word' id='word_1_180' title='bbox 1063 2857 1237 2915; x_wconf 88' lang='lat' dir='ltr'><strong>memoriam</strong></span> <span class='ocrx_word' id='word_1_181' title='bbox 1244 2856 1391 2953; x_wconf 33' lang='lat' dir='ltr'><strong>opasmorns</strong></span> 
     </span>
     <span class='ocr_line' id='line_1_29' title="bbox 194 2935 1423 3030; baseline 0.004 -38"><span class='ocrx_word' id='word_1_182' title='bbox 194 2935 318 2993; x_wconf 91' lang='lat' dir='ltr'><strong>Domini</strong></span> <span class='ocrx_word' id='word_1_183' title='bbox 331 2936 427 2994; x_wconf 86' lang='lat' dir='ltr'><strong>nostri</strong></span> <span class='ocrx_word' id='word_1_184' title='bbox 439 2937 461 2994; x_wconf 89' lang='lat' dir='ltr'><strong>J</strong></span> <span class='ocrx_word' id='word_1_185' title='bbox 463 2957 514 2994; x_wconf 90' lang='lat' dir='ltr'><strong>esu</strong></span> <span class='ocrx_word' id='word_1_186' title='bbox 528 2936 639 2995; x_wconf 81' lang='lat' dir='ltr'><strong>Christi</strong></span> <span class='ocrx_word' id='word_1_187' title='bbox 660 2957 797 2994; x_wconf 89' lang='lat' dir='ltr'><strong>coronam</strong></span> <span class='ocrx_word' id='word_1_188' title='bbox 817 2937 881 3012; x_wconf 88' lang='lat' dir='ltr'><strong>ejus</strong></span> <span class='ocrx_word' id='word_1_189' title='bbox 900 2936 1033 3030; x_wconf 91' lang='lat' dir='ltr'><strong>spineam</strong></span> <span class='ocrx_word' id='word_1_190' title='bbox 1052 2957 1229 2996; x_wconf 85' lang='lat' dir='ltr'><strong>veneramur</strong></span> <span class='ocrx_word' id='word_1_191' title='bbox 1241 2939 1277 2997; x_wconf 93' lang='lat' dir='ltr'><strong>in</strong></span> <span class='ocrx_word' id='word_1_192' title='bbox 1289 2939 1392 3010; x_wconf 89' lang='lat' dir='ltr'><strong>terris;</strong></span> <span class='ocrx_word' id='word_1_193' title='bbox 1419 2978 1423 2989; x_wconf 86' lang='lat'>·</span> 
     </span>
     <span class='ocr_line' id='line_1_30' title="bbox 194 3016 1274 3094; baseline 0.005 -21"><span class='ocrx_word' id='word_1_194' title='bbox 194 3017 254 3074; x_wconf 92' lang='lat' dir='ltr'><strong>ab</strong></span> <span class='ocrx_word' id='word_1_195' title='bbox 245 3037 308 3094; x_wconf 87' lang='lat' dir='ltr'><strong>1pso</strong></span> <span class='ocrx_word' id='word_1_196' title='bbox 321 3016 415 3094; x_wconf 86' lang='lat' dir='ltr'><strong>gloria</strong></span> <span class='ocrx_word' id='word_1_197' title='bbox 427 3023 458 3074; x_wconf 91' lang='lat' dir='ltr'><strong>et</strong></span> <span class='ocrx_word' id='word_1_198' title='bbox 472 3017 581 3074; x_wconf 86' lang='lat' dir='ltr'><strong>honore</strong></span> <span class='ocrx_word' id='word_1_199' title='bbox 594 3019 728 3075; x_wconf 82' lang='lat' dir='ltr'><strong>coronari</strong></span> <span class='ocrx_word' id='word_1_200' title='bbox 741 3037 905 3075; x_wconf 89' lang='lat' dir='ltr'><strong>mercamur</strong></span> <span class='ocrx_word' id='word_1_201' title='bbox 918 3018 951 3074; x_wconf 89' lang='lat' dir='ltr'><strong>in</strong></span> <span class='ocrx_word' id='word_1_202' title='bbox 964 3018 1049 3076; x_wconf 75' lang='lat' dir='ltr'><strong>calis.</strong></span> <span class='ocrx_word' id='word_1_203' title='bbox 1093 3019 1153 3089; x_wconf 88' lang='lat' dir='ltr'><strong>Qui</strong></span> <span class='ocrx_word' id='word_1_204' title='bbox 1165 3025 1274 3078; x_wconf 88' lang='lat' dir='ltr'><strong>tecum.</strong></span> 
     </span>
    </p>
   </div>
   <div class='ocr_carea' id='block_1_11' title="bbox 192 3113 1414 4489">
    <p class='ocr_par' dir='ltr' id='par_1_15' title="bbox 192 3113 1414 4489">
     <span class='ocr_line' id='line_1_31' title="bbox 254 3113 1328 3193; baseline 0.004 -21"><span class='ocrx_word' id='word_1_205' title='bbox 254 3114 351 3173; x_wconf 83' lang='lat' dir='ltr'><strong>Lectio</strong></span> <span class='ocrx_word' id='word_1_206' title='bbox 364 3116 432 3174; x_wconf 65' lang='lat' dir='ltr'><strong>litet</strong></span> <span class='ocrx_word' id='word_1_207' title='bbox 444 3114 602 3191; x_wconf 71' lang='lat' dir='ltr'><strong>Sapientiae</strong></span> <span class='ocrx_word' id='word_1_208' title='bbox 616 3114 794 3192; x_wconf 77' lang='lat' dir='ltr'><strong>(Canticum</strong></span> <span class='ocrx_word' id='word_1_209' title='bbox 808 3113 1046 3188; x_wconf 82' lang='lat' dir='ltr'><strong>Ccaticorcem,&#39;</strong></span> <span class='ocrx_word' id='word_1_210' title='bbox 1020 3116 1065 3174; x_wconf 81' lang='lat' dir='ltr'><strong>eei.</strong></span> <span class='ocrx_word' id='word_1_211' title='bbox 1083 3117 1191 3188; x_wconf 81' lang='lat'><strong>7-11,</strong></span> <span class='ocrx_word' id='word_1_212' title='bbox 1177 3138 1214 3176; x_wconf 83' lang='lat' dir='ltr'><strong>ee.</strong></span> <span class='ocrx_word' id='word_1_213' title='bbox 1233 3118 1261 3191; x_wconf 95' lang='lat' dir='ltr'><strong>l,</strong></span> <span class='ocrx_word' id='word_1_214' title='bbox 1276 3118 1328 3193; x_wconf 80' lang='lat'><strong>8).</strong></span> 
     </span>
     <span class='ocr_line' id='line_1_32' title="bbox 256 3196 1391 3272; baseline 0.004 -20"><span class='ocrx_word' id='word_1_215' title='bbox 256 3196 412 3254; x_wconf 91' lang='lat' dir='ltr'><strong>Lectulum</strong></span> <span class='ocrx_word' id='word_1_216' title='bbox 436 3196 600 3254; x_wconf 82' lang='lat' dir='ltr'><strong>Salomonis</strong></span> <span class='ocrx_word' id='word_1_217' title='bbox 622 3197 777 3272; x_wconf 83' lang='lat' dir='ltr'><strong>sexaginta</strong></span> <span class='ocrx_word' id='word_1_218' title='bbox 790 3196 880 3254; x_wconf 85' lang='lat' dir='ltr'><strong>fortes</strong></span> <span class='ocrx_word' id='word_1_219' title='bbox 893 3198 1029 3256; x_wconf 91' lang='lat' dir='ltr'><strong>ambiunt</strong></span> <span class='ocrx_word' id='word_1_220' title='bbox 1049 3217 1087 3254; x_wconf 84' lang='lat' dir='ltr'><strong>ex</strong></span> <span class='ocrx_word' id='word_1_221' title='bbox 1100 3198 1271 3257; x_wconf 85' lang='lat' dir='ltr'><strong>fortissimis</strong></span> <span class='ocrx_word' id='word_1_222' title='bbox 1284 3197 1391 3257; x_wconf 85' lang='lat' dir='ltr'><strong>Israel:</strong></span> 
     </span>
     <span class='ocr_line' id='line_1_33' title="bbox 196 3277 1393 3357; baseline 0.003 -23"><span class='ocrx_word' id='word_1_223' title='bbox 196 3296 297 3335; x_wconf 88' lang='lat' dir='ltr'><strong>omnes</strong></span> <span class='ocrx_word' id='word_1_224' title='bbox 319 3282 454 3335; x_wconf 87' lang='lat' dir='ltr'><strong>tenentes</strong></span> <span class='ocrx_word' id='word_1_225' title='bbox 477 3278 599 3354; x_wconf 87' lang='lat' dir='ltr'><strong>gladios,</strong></span> <span class='ocrx_word' id='word_1_226' title='bbox 621 3284 652 3334; x_wconf 90' lang='lat' dir='ltr'><strong>et</strong></span> <span class='ocrx_word' id='word_1_227' title='bbox 679 3277 717 3334; x_wconf 91' lang='lat' dir='ltr'><strong>ad</strong></span> <span class='ocrx_word' id='word_1_228' title='bbox 730 3278 808 3334; x_wconf 88' lang='lat' dir='ltr'><strong>bella</strong></span> <span class='ocrx_word' id='word_1_229' title='bbox 821 3278 990 3336; x_wconf 87' lang='lat' dir='ltr'><strong>doctissimi.</strong></span> <span class='ocrx_word' id='word_1_230' title='bbox 1047 3277 1293 3357; x_wconf 88' lang='lat' dir='ltr'><strong>Uniuscujusque</strong></span> <span class='ocrx_word' id='word_1_231' title='bbox 1319 3278 1393 3337; x_wconf 76' lang='lat' dir='ltr'><strong>enm</strong></span> 
     </span>
     <span class='ocr_line' id='line_1_34' title="bbox 194 3357 1414 3434; baseline 0.003 -20"><span class='ocrx_word' id='word_1_232' title='bbox 194 3377 282 3434; x_wconf 88' lang='lat' dir='ltr'><strong>super</strong></span> <span class='ocrx_word' id='word_1_233' title='bbox 295 3357 391 3415; x_wconf 82' lang='lat' dir='ltr'><strong>femur</strong></span> <span class='ocrx_word' id='word_1_234' title='bbox 404 3377 492 3416; x_wconf 87' lang='lat' dir='ltr'><strong>suum</strong></span> <span class='ocrx_word' id='word_1_235' title='bbox 511 3364 631 3434; x_wconf 87' lang='lat' dir='ltr'><strong>propter</strong></span> <span class='ocrx_word' id='word_1_236' title='bbox 650 3358 771 3415; x_wconf 89' lang='lat' dir='ltr'><strong>timores</strong></span> <span class='ocrx_word' id='word_1_237' title='bbox 791 3364 958 3417; x_wconf 86' lang='lat' dir='ltr'><strong>nocturnos.</strong></span> <span class='ocrx_word' id='word_1_238' title='bbox 1001 3358 1160 3418; x_wconf 84' lang='lat' dir='ltr'><strong>Ferculum</strong></span> <span class='ocrx_word' id='word_1_239' title='bbox 1180 3359 1252 3419; x_wconf 85' lang='lat' dir='ltr'><strong>fecit</strong></span> <span class='ocrx_word' id='word_1_240' title='bbox 1272 3360 1331 3418; x_wconf 90' lang='lat' dir='ltr'><strong>sibi</strong></span> <span class='ocrx_word' id='word_1_241' title='bbox 1342 3378 1414 3429; x_wconf 45' lang='lat' dir='ltr'><strong>rex,</strong></span> 
     </span>
     <span class='ocr_line' id='line_1_35' title="bbox 195 3438 1393 3516; baseline 0.002 -19"><span class='ocrx_word' id='word_1_242' title='bbox 195 3439 334 3497; x_wconf 87' lang='lat' dir='ltr'><strong>Salomon</strong></span> <span class='ocrx_word' id='word_1_243' title='bbox 347 3439 384 3496; x_wconf 88' lang='lat' dir='ltr'><strong>de</strong></span> <span class='ocrx_word' id='word_1_244' title='bbox 397 3438 487 3516; x_wconf 88' lang='lat' dir='ltr'><strong>lignis</strong></span> <span class='ocrx_word' id='word_1_245' title='bbox 501 3439 616 3497; x_wconf 86' lang='lat' dir='ltr'><strong>Libani.</strong></span> <span class='ocrx_word' id='word_1_246' title='bbox 660 3439 818 3497; x_wconf 82' lang='lat' dir='ltr'><strong>Columnas</strong></span> <span class='ocrx_word' id='word_1_247' title='bbox 832 3441 896 3515; x_wconf 89' lang='lat' dir='ltr'><strong>ejus</strong></span> <span class='ocrx_word' id='word_1_248' title='bbox 915 3440 986 3498; x_wconf 89' lang='lat' dir='ltr'><strong>fecit</strong></span> <span class='ocrx_word' id='word_1_249' title='bbox 999 3447 1160 3516; x_wconf 82' lang='lat' dir='ltr'><strong>argenteas,</strong></span> <span class='ocrx_word' id='word_1_250' title='bbox 1174 3440 1393 3499; x_wconf 81' lang='lat' dir='ltr'><strong>reclinatorium</strong></span> 
     </span>
     <span class='ocr_line' id='line_1_36' title="bbox 195 3520 1393 3599; baseline 0.004 -23"><span class='ocrx_word' id='word_1_251' title='bbox 195 3539 327 3592; x_wconf 90' lang='lat' dir='ltr'><strong>aureum,</strong></span> <span class='ocrx_word' id='word_1_252' title='bbox 342 3539 493 3578; x_wconf 89' lang='lat' dir='ltr'><strong>ascensum</strong></span> <span class='ocrx_word' id='word_1_253' title='bbox 514 3539 714 3596; x_wconf 86' lang='lat' dir='ltr'><strong>purpureum:</strong></span> <span class='ocrx_word' id='word_1_254' title='bbox 736 3521 833 3578; x_wconf 90' lang='lat' dir='ltr'><strong>media</strong></span> <span class='ocrx_word' id='word_1_255' title='bbox 853 3521 976 3579; x_wconf 88' lang='lat' dir='ltr'><strong>caritate</strong></span> <span class='ocrx_word' id='word_1_256' title='bbox 996 3522 1160 3579; x_wconf 88' lang='lat' dir='ltr'><strong>constravit</strong></span> <span class='ocrx_word' id='word_1_257' title='bbox 1179 3527 1304 3599; x_wconf 87' lang='lat' dir='ltr'><strong>propter</strong></span> <span class='ocrx_word' id='word_1_258' title='bbox 1321 3520 1393 3581; x_wconf 74' lang='lat' dir='ltr'><strong>filins</strong></span> 
     </span>
     <span class='ocr_line' id='line_1_37' title="bbox 195 3600 1392 3679; baseline 0.004 -23"><span class='ocrx_word' id='word_1_259' title='bbox 195 3600 391 3659; x_wconf 83' lang='lat' dir='ltr'><strong>Hierusalem.</strong></span> <span class='ocrx_word' id='word_1_260' title='bbox 436 3602 622 3678; x_wconf 84' lang='lat' dir='ltr'><strong>Egredimini</strong></span> <span class='ocrx_word' id='word_1_261' title='bbox 648 3601 717 3658; x_wconf 85' lang='lat' dir='ltr'><strong>filiae</strong></span> <span class='ocrx_word' id='word_1_262' title='bbox 742 3601 822 3671; x_wconf 83' lang='lat' dir='ltr'><strong>Sion,</strong></span> <span class='ocrx_word' id='word_1_263' title='bbox 849 3608 880 3659; x_wconf 88' lang='lat' dir='ltr'><strong>et</strong></span> <span class='ocrx_word' id='word_1_264' title='bbox 906 3602 1006 3660; x_wconf 90' lang='lat' dir='ltr'><strong>videte</strong></span> <span class='ocrx_word' id='word_1_265' title='bbox 1030 3621 1129 3679; x_wconf 85' lang='lat' dir='ltr'><strong>regem</strong></span> <span class='ocrx_word' id='word_1_266' title='bbox 1153 3601 1343 3661; x_wconf 82' lang='lat' dir='ltr'><strong>Salomonem</strong></span> <span class='ocrx_word' id='word_1_267' title='bbox 1363 3600 1392 3661; x_wconf 85' lang='lat' dir='ltr'><strong>in</strong></span> 
     </span>
     <span class='ocr_line' id='line_1_38' title="bbox 194 3682 1392 3760; baseline 0.003 -22"><span class='ocrx_word' id='word_1_268' title='bbox 194 3682 359 3738; x_wconf 85' lang='lat' dir='ltr'><strong>diademate</strong></span> <span class='ocrx_word' id='word_1_269' title='bbox 373 3701 431 3758; x_wconf 90' lang='lat' dir='ltr'><strong>quc</strong></span> <span class='ocrx_word' id='word_1_270' title='bbox 445 3683 598 3740; x_wconf 88' lang='lat' dir='ltr'><strong>coronavit</strong></span> <span class='ocrx_word' id='word_1_271' title='bbox 610 3702 677 3740; x_wconf 91' lang='lat' dir='ltr'><strong>eum</strong></span> <span class='ocrx_word' id='word_1_272' title='bbox 692 3688 788 3739; x_wconf 90' lang='lat' dir='ltr'><strong>mater</strong></span> <span class='ocrx_word' id='word_1_273' title='bbox 800 3702 853 3740; x_wconf 90' lang='lat' dir='ltr'><strong>sua</strong></span> <span class='ocrx_word' id='word_1_274' title='bbox 866 3683 899 3739; x_wconf 90' lang='lat' dir='ltr'><strong>in</strong></span> <span class='ocrx_word' id='word_1_275' title='bbox 912 3682 961 3741; x_wconf 90' lang='lat' dir='ltr'><strong>die</strong></span> <span class='ocrx_word' id='word_1_276' title='bbox 978 3682 1213 3760; x_wconf 88' lang='lat' dir='ltr'><strong>desponsationis</strong></span> <span class='ocrx_word' id='word_1_277' title='bbox 1225 3682 1310 3741; x_wconf 86' lang='lat' dir='ltr'><strong>illius</strong></span> <span class='ocrx_word' id='word_1_278' title='bbox 1322 3682 1392 3743; x_wconf 82' lang='lat' dir='ltr'><strong>etin</strong></span> 
     </span>
     <span class='ocr_line' id='line_1_39' title="bbox 194 3762 1390 3841; baseline 0.003 -22"><span class='ocrx_word' id='word_1_279' title='bbox 194 3762 242 3820; x_wconf 91' lang='lat' dir='ltr'><strong>die</strong></span> <span class='ocrx_word' id='word_1_280' title='bbox 256 3762 368 3820; x_wconf 84' lang='lat' dir='ltr'><strong>laetitiae</strong></span> <span class='ocrx_word' id='word_1_281' title='bbox 380 3763 476 3820; x_wconf 88' lang='lat' dir='ltr'><strong>cordis</strong></span> <span class='ocrx_word' id='word_1_282' title='bbox 489 3765 560 3839; x_wconf 86' lang='lat' dir='ltr'><strong>ejus.</strong></span> <span class='ocrx_word' id='word_1_283' title='bbox 604 3763 701 3832; x_wconf 75' lang='lat' dir='ltr'><strong>Quam</strong></span> <span class='ocrx_word' id='word_1_284' title='bbox 715 3763 838 3839; x_wconf 91' lang='lat' dir='ltr'><strong>pulchra</strong></span> <span class='ocrx_word' id='word_1_285' title='bbox 851 3784 891 3836; x_wconf 87' lang='lat' dir='ltr'><strong>es,</strong></span> <span class='ocrx_word' id='word_1_286' title='bbox 906 3763 999 3821; x_wconf 87' lang='lat' dir='ltr'><strong>amica</strong></span> <span class='ocrx_word' id='word_1_287' title='bbox 1013 3783 1086 3835; x_wconf 89' lang='lat' dir='ltr'><strong>mea,</strong></span> <span class='ocrx_word' id='word_1_288' title='bbox 1102 3783 1193 3840; x_wconf 89' lang='lat' dir='ltr'><strong>quam</strong></span> <span class='ocrx_word' id='word_1_289' title='bbox 1211 3762 1339 3841; x_wconf 83' lang='lat' dir='ltr'><strong>pulchra</strong></span> <span class='ocrx_word' id='word_1_290' title='bbox 1356 3782 1390 3823; x_wconf 81' lang='lat' dir='ltr'><strong>es.</strong></span> 
     </span>
     <span class='ocr_line' id='line_1_40' title="bbox 195 3843 1391 3920; baseline 0.003 -19"><span class='ocrx_word' id='word_1_291' title='bbox 195 3843 283 3902; x_wconf 92' lang='lat' dir='ltr'><strong>Oculi</strong></span> <span class='ocrx_word' id='word_1_292' title='bbox 292 3843 340 3901; x_wconf 90' lang='lat' dir='ltr'><strong>tui</strong></span> <span class='ocrx_word' id='word_1_293' title='bbox 352 3843 553 3901; x_wconf 90' lang='lat' dir='ltr'><strong>columbarum</strong></span> <span class='ocrx_word' id='word_1_294' title='bbox 563 3844 674 3920; x_wconf 89' lang='lat' dir='ltr'><strong>absque</strong></span> <span class='ocrx_word' id='word_1_295' title='bbox 684 3863 718 3901; x_wconf 91' lang='lat' dir='ltr'><strong>eo</strong></span> <span class='ocrx_word' id='word_1_296' title='bbox 729 3844 807 3920; x_wconf 88' lang='lat' dir='ltr'><strong>quod</strong></span> <span class='ocrx_word' id='word_1_297' title='bbox 818 3844 995 3903; x_wconf 83' lang='lat' dir='ltr'><strong>intrinsecus</strong></span> <span class='ocrx_word' id='word_1_298' title='bbox 1008 3844 1089 3903; x_wconf 84' lang='lat' dir='ltr'><strong>latet</strong></span> <span class='ocrx_word' id='word_1_299' title='bbox 1133 3843 1216 3903; x_wconf 88' lang='lat' dir='ltr'><strong>Veni</strong></span> <span class='ocrx_word' id='word_1_300' title='bbox 1226 3844 1263 3904; x_wconf 88' lang='lat' dir='ltr'><strong>de</strong></span> <span class='ocrx_word' id='word_1_301' title='bbox 1273 3844 1391 3915; x_wconf 80' lang='lat' dir='ltr'><strong>libano,</strong></span> 
     </span>
     <span class='ocr_line' id='line_1_41' title="bbox 193 3924 971 4001; baseline 0.001 -19"><span class='ocrx_word' id='word_1_302' title='bbox 193 3944 300 4001; x_wconf 88' lang='lat' dir='ltr'><strong>sponsa</strong></span> <span class='ocrx_word' id='word_1_303' title='bbox 312 3944 396 3997; x_wconf 89' lang='lat' dir='ltr'><strong>mea;</strong></span> <span class='ocrx_word' id='word_1_304' title='bbox 410 3943 480 3982; x_wconf 90' lang='lat' dir='ltr'><strong>vem</strong></span> <span class='ocrx_word' id='word_1_305' title='bbox 471 3924 530 3982; x_wconf 92' lang='lat' dir='ltr'><strong>de</strong></span> <span class='ocrx_word' id='word_1_306' title='bbox 544 3925 678 3997; x_wconf 89' lang='lat' dir='ltr'><strong>Libano;</strong></span> <span class='ocrx_word' id='word_1_307' title='bbox 698 3944 767 3982; x_wconf 80' lang='lat' dir='ltr'><strong>veni</strong></span> <span class='ocrx_word' id='word_1_308' title='bbox 758 3925 971 3984; x_wconf 86' lang='lat' dir='ltr'><strong>coronaberis.</strong></span> 
     </span>
     <span class='ocr_line' id='line_1_42' title="bbox 254 4004 1392 4087; baseline 0.002 -24"><span class='ocrx_word' id='word_1_309' title='bbox 254 4004 403 4081; x_wconf 82' lang='lat' dir='ltr'><strong>Alleluya.</strong></span> <span class='ocrx_word' id='word_1_310' title='bbox 452 4005 481 4063; x_wconf 83' lang='lat' dir='ltr'><strong>V.</strong></span> <span class='ocrx_word' id='word_1_311' title='bbox 504 4005 599 4062; x_wconf 84' lang='lat' dir='ltr'><strong>Tuam</strong></span> <span class='ocrx_word' id='word_1_312' title='bbox 613 4025 750 4064; x_wconf 86' lang='lat' dir='ltr'><strong>coronam</strong></span> <span class='ocrx_word' id='word_1_313' title='bbox 770 4006 933 4078; x_wconf 88' lang='lat' dir='ltr'><strong>adoramus,</strong></span> <span class='ocrx_word' id='word_1_314' title='bbox 952 4005 1101 4066; x_wconf 89' lang='lat' dir='ltr'><strong>Domine:</strong></span> <span class='ocrx_word' id='word_1_315' title='bbox 1126 4011 1214 4065; x_wconf 82' lang='lat' dir='ltr'><strong>tuum</strong></span> <span class='ocrx_word' id='word_1_316' title='bbox 1235 4005 1392 4087; x_wconf 83' lang='lat' dir='ltr'><strong>gloriosum</strong></span> 
     </span>
     <span class='ocr_line' id='line_1_43' title="bbox 192 4084 554 4163; baseline -0.006 -19"><span class='ocrx_word' id='word_1_317' title='bbox 192 4086 350 4144; x_wconf 87' lang='lat' dir='ltr'><strong>recolimus</strong></span> <span class='ocrx_word' id='word_1_318' title='bbox 362 4084 554 4163; x_wconf 90' lang='lat' dir='ltr'><strong>triumphum.</strong></span> 
     </span>
     <span class='ocr_line' id='line_1_44' title="bbox 255 4165 807 4244; baseline 0.002 -20"><span class='ocrx_word' id='word_1_319' title='bbox 255 4165 404 4243; x_wconf 81' lang='lat' dir='ltr'><strong>Alleluya</strong></span> <span class='ocrx_word' id='word_1_320' title='bbox 461 4166 490 4226; x_wconf 90' lang='lat' dir='ltr'><strong>V.</strong></span> <span class='ocrx_word' id='word_1_321' title='bbox 512 4167 658 4226; x_wconf 85' lang='lat' dir='ltr'><strong>Diadema</strong></span> <span class='ocrx_word' id='word_1_322' title='bbox 671 4167 807 4244; x_wconf 90' lang='lat' dir='ltr'><strong>spineum</strong></span> 
     </span>
     <span class='ocr_line' id='line_1_45' title="bbox 559 4247 871 4308; baseline 0.013 -4"><span class='ocrx_word' id='word_1_323' title='bbox 559 4247 745 4305; x_wconf 90' lang='lat' dir='ltr'><strong>Veneremur</strong></span> <span class='ocrx_word' id='word_1_324' title='bbox 762 4249 871 4308; x_wconf 92' lang='lat' dir='ltr'><strong>hodie:</strong></span> 
     </span>
     <span class='ocr_line' id='line_1_46' title="bbox 517 4328 822 4405; baseline 0 -18"><span class='ocrx_word' id='word_1_325' title='bbox 517 4328 609 4404; x_wconf 89' lang='lat' dir='ltr'><strong>Cujus</strong></span> <span class='ocrx_word' id='word_1_326' title='bbox 622 4349 675 4405; x_wconf 92' lang='lat' dir='ltr'><strong>per</strong></span> <span class='ocrx_word' id='word_1_327' title='bbox 688 4329 822 4387; x_wconf 90' lang='lat' dir='ltr'><strong>aculeum</strong></span> 
     </span>
     <span class='ocr_line' id='line_1_47' title="bbox 557 4410 899 4489; baseline 0.009 -22"><span class='ocrx_word' id='word_1_328' title='bbox 557 4410 675 4468; x_wconf 84' lang='lat' dir='ltr'><strong>Sertum</strong></span> <span class='ocrx_word' id='word_1_329' title='bbox 689 4411 780 4468; x_wconf 88' lang='lat' dir='ltr'><strong>datur</strong></span> <span class='ocrx_word' id='word_1_330' title='bbox 792 4410 899 4489; x_wconf 86' lang='lat' dir='ltr'><strong>gloriae.</strong></span> 
     </span>
    </p>
   </div>
   <div class='ocr_carea' id='block_1_12' title="bbox 0 0 1463 4904">
    <p class='ocr_par' dir='ltr' id='par_1_16' title="bbox 0 0 1463 4904">
     <span class='ocr_line' id='line_1_48' title="bbox 0 0 1463 4904; baseline 0 0"><span class='ocrx_word' id='word_1_331' title='bbox 0 0 1463 4904; x_wconf 95' lang='lat' dir='ltr'><strong> </strong></span> 
     </span>
    </p>
   </div>
  </div>
 </body>
</html>
