2910 4904
467 310 644 378 Orationes
668 310 875 374 commata.

437 520 490 578 An
511 536 691 578 rosonuosn
712 519 902 576 Oamrarnu.

131 602 241 660 Oratio.

128 683 220 755 Deus,
248 683 301 759 qui
327 681 544 758 plenitudinem
572 682 778 739 mandatorum
807 686 928 738 tuorum
955 679 988 737 in
1009 685 1064 737 tua
1085 679 1273 756 proximique

65 764 225 822 dilectione
247 763 375 821 sanxisti
386 784 395 836 3
415 763 491 820 hanc
508 763 594 820 nobis
621 762 748 839 gratiam
775 762 882 839 largire
909 761 1064 837 propitius,
1089 766 1125 816 ut
1145 761 1215 837 quia
1242 763 1275 818 in

67 845 172 903 multis
194 845 380 916 offendimus,
405 850 458 901 tua
482 845 589 901 caritas
616 844 748 900 abundet
774 843 807 899 in
834 843 928 914 nobis,
958 861 1011 917 per
1037 861 1127 917 quarn
1154 848 1275 917 peccata

67 927 260 984 mundantur.
303 926 362 983 Per
376 925 547 983 Dominum.

129 1007 249 1066 Secreto.

129 1087 222 1160 Deus,
237 1088 357 1164 quinos
370 1087 409 1144 ad
430 1087 590 1164 imaginem
612 1092 696 1143 tuam
716 1085 907 1143 moramentis
927 1084 1051 1142 instruis
1067 1091 1098 1142 et
1111 1084 1274 1161 praeceptis,

66 1169 175 1246 perfice
188 1188 303 1246 gressus
321 1175 437 1225 nostros
454 1168 487 1224 in
501 1168 614 1225 semitis
631 1167 701 1236 tuis,
718 1173 754 1224 ut
767 1167 900 1224 caritatis
918 1165 1038 1236 donum,
1054 1166 1134 1242 quod
1147 1166 1244 1225 fecisti
1257 1187 1276 1225 a

66 1250 154 1308 nobis
168 1250 288 1326 sperari,
303 1269 356 1326 per
369 1249 430 1306 haec
454 1268 519 1324 quae
544 1249 694 1306 offerimus
717 1248 860 1306 sacrificia
881 1247 970 1306 facias
984 1247 1173 1323 apprehendi.
1217 1247 1276 1307 Per

67 1330 241 1388 Dominum.

129 1412 370 1470 Postcoraraaaio.

129 1493 221 1564 DeuS,
238 1494 289 1568 qui
313 1491 505 1560 diligentibus
519 1496 549 1548 te
570 1491 643 1548 facis
664 1497 771 1548 cuncta
789 1491 933 1567 prodesse,
948 1492 987 1549 da
1007 1491 1144 1548 cordibus
1164 1489 1274 1548 nostris

66 1593 120 1650 per
133 1574 196 1632 haee
209 1579 311 1631 sancta
324 1592 390 1649 quae
408 1572 587 1648 sumpsimus
606 1571 810 1629 inviolabilem
830 1573 963 1630 caritatis
977 1572 1125 1642 affectum,
1140 1571 1274 1629 utnulla

65 1656 183 1730 possint
196 1655 361 1712 tentatione
374 1654 527 1710 immutari
541 1653 685 1711 desideria
699 1652 735 1710 de
748 1658 802 1711 tua
809 1653 1004 1729 inspiratione
1014 1658 1161 1730 concepta
1204 1652 1270 1711 Per.

512 1866 578 1924 Pro
599 1866 848 1926 Irinnmurmos.

130 1950 239 2009 Oratio.

128 2032 252 2104 Adesto,
268 2029 405 2101 Domine,
420 2029 684 2105 supplicationibus
697 2029 815 2099 nostris,
824 2035 855 2086 et
863 2028 944 2085 viam
953 2034 983 2085 et
996 2034 1079 2085 actus
1093 2028 1272 2087 famulorum

64 2120 188 2171 tuo1um
201 2113 232 2168 in
248 2111 352 2169 salutis
366 2119 425 2167 tuae
439 2110 633 2186 prosperitate
647 2111 768 2184 dispone
775 2130 783 2182 3
804 2119 840 2165 ut
860 2111 940 2166 inter
954 2129 1054 2166 omnes
1068 2109 1157 2184 hujus
1170 2111 1227 2168 viae
1241 2115 1273 2168 et

66 2195 137 2252 vitae
153 2194 319 2262 varietates,
334 2200 386 2249 tuo
399 2211 514 2267 semper
526 2197 721 2266 protegantur
734 2191 854 2248 auxilio.
897 2191 956 2247 Per
969 2191 1140 2249 Dominum.

128 2275 249 2333 Secreta.

129 2356 303 2432 Propitiare,
320 2353 457 2425 Domine,
472 2352 736 2428 supplicationibus
756 2351 873 2423 nostris,
893 2357 924 2409 et
943 2351 997 2408 has
1017 2351 1181 2410 oblationes
1199 2372 1273 2429 quas

66 2438 123 2494 tibi
141 2437 292 2494 offerimus
316 2455 368 2511 pro
393 2434 513 2492 famulis
536 2437 597 2490 tuis
619 2434 765 2509 benignus
782 2452 896 2490 assume
907 2451 916 2505 3
937 2439 972 2489 ut
997 2433 1077 2489 viam
1099 2433 1219 2490 illorum
1240 2440 1271 2493 et

66 2525 150 2576 actus
163 2519 347 2594 praecedente
361 2516 458 2592 gratia
471 2520 524 2571 tua
538 2515 655 2591 dirigas,
670 2521 700 2571 et
714 2516 910 2590 subsequente
925 2513 1060 2570 comitari
1070 2513 1199 2589 digneris
1211 2534 1219 2585 3
1235 2526 1272 2572 ut

64 2600 102 2657 de
116 2609 188 2656 actu
207 2609 297 2674 atque
321 2597 525 2654 incolumitate
548 2615 650 2653 eorum
665 2595 825 2653 secundum
839 2594 1046 2652 misericordiae
1060 2601 1120 2652 tuae
1133 2595 1272 2671 praesidia

65 2681 253 2757 gaudeamus.
298 2679 356 2735 Per
370 2678 540 2735 Dominum.

126 2762 497 2917 gilidllddiudliligentibus
511 2845 542 2896 te
561 2837 791 2895 misericordiam
811 2841 894 2893 tuam
909 2856 1023 2913 semper
1036 2837 1189 2913 impendis,
1205 2843 1236 2895 et
1256 2858 1275 2897 a

65 2923 264 2980 servientibus
284 2922 342 2979 tibi
360 2922 392 2977 in
415 2919 499 2976 nulla
522 2940 552 2976 es
576 2920 694 2995 regione
716 2917 905 2994 longinquus,
919 2917 1012 2994 dirige
1036 2918 1117 2975 viam
1140 2924 1172 2976 et
1191 2925 1274 2978 actus

65 3003 246 3060 famulorum
260 3009 380 3059 tuorum
400 3002 433 3058 in
450 3001 605 3058 voluntate
620 3006 681 3071 tua,
697 3005 733 3055 ut
745 3005 776 3056 te
790 3004 956 3075 protectore
977 3006 1008 3057 et
1028 3005 1059 3056 te
1073 3000 1208 3074 praeduce
1221 3020 1275 3077 per

58 3085 192 3160 justitiae
205 3084 325 3142 semitas
339 3085 402 3140 sine
416 3081 575 3140 offensione
588 3081 772 3158 gradiantur.
815 3079 880 3137 Per.

453 3303 532 3384 [Pao
554 3321 669 3363 sanare
690 3306 889 3366 Amnamun.

129 3387 240 3447 Oratio.

125 3470 218 3539 Deus,
228 3468 280 3544 qui
290 3466 602 3524 laboribushominum
610 3468 700 3524 etiam
709 3467 745 3524 de
753 3466 845 3524 mutis
854 3467 1031 3526 animalibus
1041 3470 1146 3529 solatia
1155 3473 1275 3549 subrog-

66 3550 145 3621 asti3
167 3549 313 3625 supplices
331 3555 362 3606 te
379 3568 524 3625 rogamus,
545 3553 581 3604 ut
598 3548 661 3605 sine
681 3548 789 3623 quibus
809 3566 870 3604 non
884 3548 977 3606 alitur
989 3549 1120 3608 humana
1133 3553 1272 3628 conditio,

67 3631 179 3689 nostris
192 3631 282 3687 facias
296 3630 398 3687 usibus
411 3649 472 3687 non
485 3629 588 3705 perire.
635 3628 691 3685 Per
705 3628 878 3686 Dominum.

126 3713 249 3770 Secreta.

127 3792 294 3850 Subveniat
315 3791 406 3862 nobis,
436 3791 574 3862 Domine,
603 3809 779 3865 quaesumus,
809 3791 944 3849 sacrificii
962 3795 1115 3869 praesentis
1143 3797 1273 3870 oblati03

62 3894 131 3950 quae
146 3893 201 3930 nos
218 3878 248 3929 et
270 3873 307 3929 ab
326 3873 473 3929 erroribus
492 3872 638 3929 universis
661 3878 799 3948 potenter
819 3873 961 3945 absolvat,
977 3881 1007 3931 et
1029 3895 1047 3932 a
1060 3877 1153 3934 totius
1166 3878 1274 3955 eripiat

64 3953 243 4031 perditionis
264 3953 384 4011 incursu
395 3973 403 4025 3
430 3960 465 4010 ut
486 3959 516 4010 et
537 3952 685 4025 animalia,
709 3973 774 4028 quae
797 3953 900 4011 usibus
921 3955 1030 4013 nostris
1051 3957 1193 4030 serviunt,
1217 3966 1270 4017 tua

63 4035 202 4112 potentia
216 4034 385 4092 liberentur.
429 4035 488 4091 Per
498 4034 668 4092 Dominum.

125 4116 371 4172 Posteommuaa‘o.
648 4119 651 4126 '

125 4198 253 4266 Averte,
269 4195 406 4265 Domine,
422 4215 597 4271 quaesumus,
612 4214 665 4271 per
685 4196 747 4253 haec
767 4201 869 4253 saneta
890 4216 955 4272 quae
974 4199 1160 4274 sumpsimus,
1177 4221 1195 4258 a
1208 4204 1271 4262 tuis

65 4278 203 4335 fidelibus
217 4285 338 4334 cunctos
351 4277 506 4334 miseratus
521 4296 646 4347 errores3
665 4282 696 4333 et
710 4276 898 4334 saevientium
910 4278 1089 4351 morborum,
1102 4300 1167 4356 quoe
1177 4303 1271 4359 grass-

63 4366 133 4415 atur
152 4359 185 4414 in
199 4358 349 4428 animalia,
365 4357 477 4432 depelle
490 4357 671 4434 perniciem3
692 4364 728 4414 ut
741 4377 814 4433 quos
828 4377 881 4415 suo
895 4360 1001 4417 merito
1016 4360 1144 4438 flagellas
1159 4363 1268 4440 devios,

63 4440 164 4497 foveas
177 4445 232 4496 tua
245 4437 433 4497 miseratione
446 4446 597 4497 correctos.
642 4435 852 4518 Pes-MSS]
