2910 4904
523 325 618 390 Festo
642 324 794 392 Octobris.
1192 331 1253 392 113

82 546 272 606 Snucroauu
294 562 463 606 uuerrauu
483 540 637 615 Droursu,
659 565 873 620 soc1oauuour
892 566 971 609 urus.
1016 549 1077 623 (vii
1094 550 1138 608 Id.
1156 549 1234 626 Oct.)

122 698 262 773 Officium.
305 700 451 757 Intretin
464 706 628 776 conspeetu.

120 779 290 935 &acqui
310 861 451 919 hodierna
474 862 522 918 die
545 863 665 918 beatum
688 861 866 937 Dionysium
890 861 1003 918 virtute
1029 862 1200 919 constantiae
1220 863 1253 919 in

58 940 195 1018 passione
207 943 352 998 roborasti
362 963 370 1014 3
390 943 499 1018 quique
513 942 558 999 illi
575 942 612 998 ad
632 942 850 1018 praedicandum
870 943 1007 1018 gentibus
1026 942 1148 1018 gloriam
1170 950 1252 1000 tuam

60 1022 220 1079 Rusticum
239 1028 269 1079 et
291 1023 496 1080 Eleutherium
516 1023 624 1080 sociare
638 1023 775 1098 dignatus
789 1043 837 1096 es;
858 1024 955 1081 tribue
968 1023 1061 1095 nobis,
1078 1043 1251 1100 quaesumus,

58 1121 98 1158 ex
112 1121 214 1159 eorum
227 1103 393 1160 imitatione
413 1123 465 1179 pro
485 1122 584 1160 amore
603 1109 655 1160 tuo
675 1123 814 1180 prospera
833 1104 937 1162 mundi
951 1104 1106 1180 despicere,
1120 1111 1150 1161 et
1169 1105 1253 1161 nulla

58 1184 124 1258 ejus
138 1183 260 1240 adversa
273 1183 436 1242 formidare.
480 1184 539 1241 Per
552 1184 723 1241 Dominum.

119 1263 261 1338 Epistola.
303 1264 399 1321 Lectio
412 1265 541 1322 Actorum
554 1264 757 1339 Apostolorum
770 1265 855 1338 (avii.
872 1264 990 1341 22-34)

120 1343 160 1400 In
173 1344 277 1402 diebus
293 1345 362 1416 illis,
377 1346 464 1402 Stans
486 1344 597 1402 Paulus
613 1345 646 1401 in
664 1346 760 1402 medio
773 1345 922 1422 Areopagi
943 1365 1032 1420 usquc
1052 1347 1092 1403 od
1112 1345 1163 1403 alii
1183 1365 1249 1403 cum

55 1423 100 1482 eis
114 1424 302 1482 crediderunt
316 1425 445 1482 Domino
458 1427 479 1484 J
481 1446 531 1483 esu
546 1424 671 1483 Christo.

121 1504 257 1563 Grudole.
301 1505 458 1564 Gloriosus.

118 1586 269 1662 Alleluya.
318 1587 347 1644 V.
369 1587 391 1644 J
393 1588 454 1644 usti
467 1587 631 1663 epulentur.

119 1665 283 1742 Sequentia.
326 1667 401 1725 Eece
415 1668 545 1743 pulchra,
559 1677 593 1724 ut
607 1668 641 1724 in
655 1665 818 1727 Communi.

118 1748 320 1822 Euangeliou.
363 1748 478 1805 Videus
492 1749 594 1805 turbas
608 1747 630 1804 J
632 1767 705 1806 esus.

121 1827 313 1902 Offirtorium.
357 1829 514 1885 Laetamini
527 1829 560 1886 in
574 1829 711 1886 Domino,

119 1908 240 1966 Secreta.

119 1989 238 2059 Hostia,
262 1990 398 2059 Domine,
422 1980 595 2065 quaesumus,
616 2009 704 2065 quam
725 1990 758 2046 in
780 2003 947 2047 sanctorum
966 1996 1086 2047 tuorum
1105 1990 1251 2066 Dionysii,

58 2069 185 2142 Rustici,
201 2076 231 2127 et
248 2069 415 2128 Eleutherii
433 2071 577 2128 natalitiis
597 2077 777 2128 recensentes
798 2071 954 2140 offerimus,
969 2077 999 2127 et
1013 2071 1131 2127 vincula
1146 2078 1254 2128 nostrae
1294 2102 1299 2109 ·

56 2151 215 2226 pravitatis
242 2151 384 2223 absolvat,
412 2158 443 2208 et
470 2158 529 2208 tuae
556 2152 641 2209 nobis
668 2151 873 2208 misericordiae
901 2152 977 2209 dona
1004 2151 1146 2211 conciliet.
1193 2151 1251 2210 Per

59 2231 231 2288 Dominum.

119 2311 299 2371 Oorumuum.
342 2311 429 2370 Beati
442 2313 552 2369 mundo
566 2313 658 2370 corde.

119 2393 361 2451 Portcommuaio.

120 2473 261 2549 Sumptis,
278 2475 413 2544 Domine,
431 2474 591 2531 caelestibus
605 2473 802 2546 sacramentis
816 2492 989 2549 quaesumus,
1004 2473 1252 2530 intercedentibus

56 2554 151 2612 beatis
165 2555 344 2630 martyribus
357 2555 418 2611 tuis
432 2555 583 2631 Dionysio,
599 2554 731 2627 Rustico,
747 2560 777 2611 et
797 2553 977 2626 Eleutherio,
990 2555 1028 2612 ad
1042 2554 1250 2629 redemptionis

55 2642 175 2694 aeternae
189 2635 373 2711 proficiamus
386 2642 586 2711 augmentum.
630 2635 695 2693 Per.

119 2840 232 2896 Eonuu
252 2855 306 2896 nm
327 2855 430 2896 snuorr
451 2839 473 2896 J
475 2855 608 2895 enarum
628 2855 668 2895 uu
688 2838 929 2895 Bammucrou!
972 2838 1032 2913 (vii.
1049 2837 1190 2914 Iu'oec.)

120 2987 260 3060 Officium.
303 2985 366 3061 Ego
380 2991 479 3042 autem
493 2985 525 3040 in
537 2985 712 3042 innocentia.

118 3067 265 3126 Paulmaa.
308 3065 330 3122 J
332 3066 423 3123 udica.

120 3146 229 3206 Orutro.

118 3228 209 3294 Deus,
224 3227 294 3302 quia
308 3233 414 3301 praeter
427 3232 457 3284 te
474 3227 574 3283 nullus
593 3233 636 3283 est
658 3227 740 3298 oliuo,
757 3233 787 3283 et
805 3226 875 3302 quia
896 3234 926 3283 te
943 3245 1028 3283 nosse
1049 3233 1250 3283 consummata

55 3315 103 3365 est
112 3309 241 3384 justitia,
256 3315 371 3383 praesta,
387 3327 561 3383 quaesumus,
577 3314 611 3364 ut
628 3308 704 3364 siout
717 3309 820 3364 beatus
839 3307 861 3364 J
862 3306 999 3379 ohannes,
1015 3307 1161 3364 confessor
1180 3313 1249 3364 tuus

58 3397 88 3446 te
101 3409 194 3446 unum
209 3395 239 3445 et
252 3389 367 3444 trinum
380 3389 477 3445 Deum
492 3408 552 3444 esse
566 3389 711 3464 cognovit,
725 3389 767 3444 ita
785 3388 848 3464 ipso
869 3408 922 3464 pro
943 3387 1027 3444 nobis
1041 3387 1247 3459 intercedente,

56 3470 96 3526 da
109 3489 210 3545 pacem
225 3470 332 3526 mentis
346 3474 376 3525 et
389 3470 426 3525 ab
440 3470 574 3526 omnibus
588 3489 640 3526 nos
654 3469 770 3525 absolve
784 3469 916 3544 peccatis

117 3551 213 3607 Lectio
228 3551 268 3606 ud
285 3549 465 3606 Pimotloeum
478 3550 514 3625 (2
529 3550 561 3605 ti.
580 3550 696 3626 19-25).

118 3631 265 3706 Cognovit
279 3629 489 3704 Dominnsqui
507 3636 576 3686 sunt
594 3631 656 3706 ejus
676 3649 765 3704 vrrsqrrc
783 3631 823 3686 od
842 3628 894 3704 qui
912 3629 1053 3687 resistunt
1066 3629 1194 3700 veritati,
1211 3629 1249 3686 In

57 3709 130 3768 Jesu
146 3710 264 3768 Christo
279 3710 407 3766 Domino
420 3716 528 3769 nostro,

118 3792 251 3849 Grodalo.
295 3791 358 3866 Ego
372 3798 472 3848 autem
485 3791 517 3847 in
532 3791 659 3848 Domino
672 3790 794 3867 sperari.

65 3872 93 3929 V.
118 3873 183 3949 Ego
196 3879 296 3930 autem
310 3892 377 3929 cum
386 3873 513 3947 justitia.

66 3952 94 4010 V.
120 3954 184 4029 Ego
198 3960 298 4010 autem
312 3953 349 4009 ad
365 3953 534 4010 Dominum.

118 4033 286 4092 Securedum
299 4034 411 4090 Iarcom
425 4032 523 4109 (aviii.
541 4034 654 4109 17-30)

117 4115 158 4171 In
172 4115 223 4170 illo
240 4121 380 4190 tempore,
396 4115 485 4171 Dixit
501 4114 523 4171 J
525 4134 590 4171 esus
610 4114 759 4190 discipulis
780 4113 860 4170 suis:
880 4113 986 4184 Amen,
1005 4113 1069 4170 dico
1082 4113 1165 4170 vobis
1186 4112 1249 4189 qui-

55 4215 174 4271 cunque
188 4215 248 4251 non
261 4195 406 4270 acceperit
418 4215 507 4269 arque
521 4196 562 4252 od
576 4194 650 4251 etin
665 4195 768 4252 saeculo
782 4195 884 4251 futuro
899 4194 992 4252 vitam
1007 4200 1153 4252 aeternam.

118 4274 310 4351 offertorium.
355 4275 417 4351 Ego
431 4280 531 4332 autem
545 4275 621 4332 sicut
634 4276 719 4332 oliva.

116 4406 128 4427 ¹*
146 4403 208 4447 This
222 4402 289 4449 Mass
302 4416 388 4447 occurs
398 4401 455 4460 only
464 4403 490 4445 in
500 4402 553 4446 MS.
565 4403 587 4446 D
598 4403 624 4446 in
634 4403 682 4448 this
692 4403 765 4460 place,
776 4403 823 4447 and
833 4404 934 4449 without
945 4403 997 4450 date
1008 4403 1032 4452 of
1039 4367 1113 4455 ¹Feast
1127 4405 1152 4452 iu
1163 4405 1215 4454 MS.
1228 4405 1248 4453 Ε

58 4462 163 4509 towards
173 4463 214 4506 tho
224 4462 277 4508 end.
309 4462 340 4507 In
351 4461 392 4507 tho
403 4461 464 4509 Acta
476 4462 519 4508 SS.
531 4462 571 4508 the
582 4461 636 4508 date
646 4462 718 4520 given
728 4463 750 4508 is
762 4462 806 4508 VI.
819 4462 855 4508 Id.
867 4463 919 4508 Oct.

114 4541 184 4583 VOL.
199 4540 234 4581 11.
630 4540 642 4581 Ι
