2910 4904
485 302 659 371 Orat-iones
683 304 890 369 Ooraoraacs.

438 513 564 571 Oonrra
586 511 811 570 Ooerramonns
833 528 940 570 name.

150 593 260 652 Oratio.

149 674 347 751 Omnipotens
356 674 513 732 mitissime
527 674 617 746 Deus,
629 673 742 751 respice
751 673 898 751 propitius
908 694 1008 751 preces
1018 682 1143 749 nostras,
1156 683 1188 734 et
1197 675 1290 735 libera

87 756 177 814 corda
198 761 300 813 nostra
318 756 354 813 de
373 756 519 812 malarum
537 755 704 812 tentatione
721 756 934 831 cogitationum
943 776 953 828 ;
976 761 1013 813 ut
1037 756 1140 815 Sancti
1162 757 1291 834 Spiritus

86 837 213 914 dignum
228 836 294 893 fieri
307 835 511 894 habitaculum
525 855 698 893 mereamur.
742 837 800 894 Per
814 836 986 895 Dominum.
1030 837 1070 894 In
1083 839 1208 896 unitate.
1336 840 1339 850 '

148 917 271 976 Secreta.

149 998 217 1056 Has
230 999 296 1069 tibi,
309 999 438 1056 Domine
452 997 543 1069 DenS,
556 997 705 1055 offerimus
720 997 891 1069 oblationes,
903 1017 957 1074 pro
971 999 1067 1058 salute
1084 1005 1186 1057 nostra
1192 1020 1200 1071 ;
1214 1019 1293 1076 prec-

87 1086 184 1150 antes,
207 1086 243 1136 ut
266 1079 379 1137 animas
403 1085 519 1135 nostras
547 1078 676 1154 Spiritus
704 1078 806 1136 Sancti
833 1079 930 1154 gratia
956 1079 1126 1138 illuminare
1154 1081 1292 1157 digneris,

88 1161 232 1237 quatinus
246 1180 263 1217 a
278 1159 507 1236 cogitationibus
521 1159 608 1216 malis
628 1165 682 1216 tua
701 1160 812 1236 pietate
828 1159 996 1219 liberemur.
1040 1162 1099 1219 Per
1119 1162 1291 1219 Dominum.

90 1242 131 1299 In
145 1243 270 1298 unitate.

152 1322 395 1380 Poatcommaaio.

153 1403 290 1475 Perhoe,
305 1422 482 1479 quaesumus,
498 1401 637 1472 Domine,
651 1401 827 1458 sacrificium
841 1403 920 1477 quod
936 1409 994 1460 tuac
1011 1405 1174 1462 obtulimus
1194 1405 1297 1480 majes-

91 1484 160 1556 tati,
180 1485 218 1541 ab
237 1485 374 1541 omnibus
395 1484 483 1540 corda
503 1489 604 1539 nostra
625 1483 752 1539 emunda
773 1484 999 1556 tentationibus,
1021 1493 1057 1543 ut
1076 1485 1173 1561 gratia
1194 1485 1296 1543 Sancti

92 1565 224 1643 Spiritus
238 1565 321 1642 digni
335 1565 503 1622 efficiamur.
549 1563 607 1620 Per
622 1563 793 1620 Dominum.
837 1564 875 1620 In
889 1566 1015 1622 unitate.

466 1775 532 1832 Pno
554 1790 704 1831 Lacsrnis
726 1773 924 1832 Dnrorronrs.

158 1857 267 1916 Oratio.
873 1905 875 1910 .

157 1938 353 2013 Omnipotens
380 1936 536 1993 mitissime
563 1935 654 2006 DeuS,
678 1937 731 2011 qui
758 1936 872 1993 sitienti
899 1937 1007 2013 populo
1035 1938 1148 1995 fontem
1169 1938 1299 1995 viventis

94 2039 179 2096 aquae
194 2019 230 2076 dc
244 2025 329 2095 petra
342 2018 511 2093 produxisti
520 2037 528 2089 3
549 2018 623 2074 educ
644 2017 680 2073 de
701 2017 798 2074 cordis
818 2020 914 2075 nostri
934 2018 1046 2075 duritia
1065 2019 1299 2096 compunctionis

95 2101 251 2176 lacrymae,
280 2109 315 2156 ut
343 2107 463 2175 peccata
490 2103 592 2155 nostra
622 2098 761 2174 plangere
788 2099 947 2171 valeamus,
977 2100 1246 2176 remissionemque,
1272 2107 1303 2157 te

94 2183 265 2251 miserante,
280 2199 445 2237 mereamur
458 2179 596 2254 accipere.
641 2178 701 2235 Per
715 2179 888 2237 Dominum.

158 2261 280 2321 Secreta.

159 2343 249 2399 Hanc
263 2341 443 2399 oblationem
457 2361 546 2417 quam
563 2347 622 2398 tuae
643 2341 802 2416 majestati,
818 2342 955 2415 Domine,
970 2361 1024 2418 pro
1045 2344 1172 2419 peccatis
1193 2343 1302 2399 nostris

96 2425 257 2494 offerimus,
276 2422 423 2499 propitius
444 2424 555 2498 respice
566 2443 573 2491 ;
598 2429 629 2478 et
648 2422 759 2498 produc
781 2422 817 2478 (le
836 2423 929 2479 oeulis
949 2423 1058 2480 nostris
1076 2425 1194 2498 copiosa
1212 2423 1304 2498 lacry-

98 2525 216 2562 marum
241 2504 374 2576 flumina,
397 2504 503 2579 quibus
527 2504 627 2560 debita
650 2503 836 2560 flammarum
860 2503 996 2560 incendia
1019 2504 1133 2579 possint
1158 2505 1302 2580 extingui.

99 2586 158 2643 Per
173 2585 345 2643 Dominum.

160 2665 402 2723 Postcoacmania
461 2688 463 2691 ·

162 2747 292 2823 Corpore
307 2753 337 2803 et
351 2747 494 2822 sanguine
512 2751 574 2816 tuo,
591 2744 727 2815 Domine,
744 2745 854 2816 satiati,
869 2765 1044 2820 quaesumus,
1060 2753 1096 2802 ut
1109 2767 1162 2823 pro
1177 2747 1303 2822 peccatis

98 2829 212 2886 nostris
232 2829 487 2902 compunctionem
508 2826 603 2882 cordis
617 2834 648 2882 et
662 2826 785 2895 luctum,
801 2827 981 2902 fluminaque
1002 2827 1198 2902 lacrymarum
1218 2827 1305 2883 nobis

99 2929 216 2985 semper
234 2909 367 2984 largiaris
378 2929 386 2980 3
410 2908 551 2982 quatinus
575 2907 719 2963 caelestem
745 2907 777 2962 in
801 2907 903 2963 futuro
921 2908 1151 2966 consolationem
1169 2909 1304 2965 invenire

99 3010 275 3048 mereamur.
319 2989 378 3046 Per
393 2988 564 3045 Dominum.

581 3159 645 3216 Pac
667 3159 824 3216 Psccnrrs.

166 3242 275 3300 Oratrb.

165 3322 293 3394 Exaudi,
309 3341 485 3398 quaesumus,
501 3321 637 3392 Domine,
661 3320 826 3396 supplicum
848 3341 955 3396 precra,
971 3327 1002 3378 et
1022 3323 1228 3380 confitentium
1248 3324 1304 3380 tibi

103 3424 191 3481 parce
205 3405 350 3479 peccatis;
364 3410 398 3459 ut
408 3403 520 3478 pariter
533 3402 619 3458 nobis
632 3401 850 3477 indulgentiam
865 3403 979 3459 tribuas
992 3404 1137 3479 benignus
1152 3410 1181 3461 et
1195 3423 1303 3480 pacem.

104 3487 164 3543 Per
179 3485 350 3541 Dominum.

165 3565 286 3624 Secreta.

167 3647 292 3704 Hostias
316 3645 382 3716 tibi,
409 3645 544 3713 Domine,
566 3644 739 3720 placationis
763 3644 912 3701 offerimus
922 3665 931 3717 3
961 3652 995 3702 ut
1019 3652 1049 3702 et
1074 3646 1182 3704 delicta
1205 3653 1306 3704 nostin

105 3730 263 3786 miseratus
278 3727 420 3798 absolvas,
436 3734 467 3783 et
480 3726 621 3782 nutantia
635 3725 722 3782 eorda
736 3732 770 3782 tu
785 3724 902 3803 dirigas.
946 3727 1004 3784 Per
1018 3728 1189 3784 Dominum.

168 3809 411 3866 Postcoormanio

169 3890 284 3947 Praesta
303 3890 397 3960 nobis,
417 3896 524 3945 aeterne
543 3888 686 3959 Salvator,
707 3895 742 3944 ut
760 3888 955 3964 percipientes
973 3889 1028 3947 hoc
1047 3909 1168 3947 munere
1189 3889 1306 3945 reniam

106 3977 304 4050 peccatorum,
319 3970 455 4045 deinceps
469 3976 588 4046 peccata
601 3970 738 4026 vitemus.
782 3968 841 4026 Per
855 3970 1024 4027 Dominum.

564 4176 703 4258 [Oonrsn
725 4179 855 4237 Hosrrs.

174 4262 283 4320 Oratio.

172 4343 317 4401 Hostium
330 4347 507 4413 nostrorum,
520 4360 696 4416 quaesumus,
713 4343 850 4415 Domine,
862 4342 937 4399 elide
952 4342 1127 4419 superbiam,
1140 4350 1170 4402 et
1184 4345 1312 4403 dexterae

110 4431 177 4484 tuae,
186 4425 302 4482 virtute
315 4429 475 4500 prosterne.
517 4422 579 4479 Por
593 4423 764 4484 Dominum.

174 4521 242 4564 von.
258 4520 294 4562 11.
704 4521 726 4561 r
