2866 4906
708 271 826 336 Proca.

737 463 792 521 LI.

428 571 480 628 Aa
492 569 647 646 Sequentia
661 569 793 626 Lretatus
806 588 880 626 sum.

428 667 578 743 Alleluye.

369 765 564 822 Rucumrn
585 763 789 834 Snnrnunns,
804 772 944 840 utsupra
959 761 1028 842 (vol.
1044 761 1063 819 i
1079 780 1107 837 p.
1124 759 1162 839 4).

730 945 802 1002 LII.

469 1067 564 1132 Pensa
578 1066 619 1124 ad
630 1065 787 1141 Sequentia
801 1066 917 1140 Excite,
932 1066 1078 1124 Domine.'

470 1163 618 1239 Alleluya.

410 1261 472 1330 Qur
491 1277 580 1318 nnc1s
600 1276 732 1317 scurrus
754 1259 822 1337 (vol.
838 1259 860 1317 i.
875 1281 902 1336 p.
919 1259 959 1336 5).

721 1429 810 1486 LIII.

272 1551 364 1610 Pensa
377 1553 418 1610 ad
431 1552 586 1628 Sequentia
601 1552 749 1610 Dominus
762 1552 907 1630 regnavit.

270 1649 419 1726 Alleluya.

210 1746 338 1804 Ncsrnn
357 1764 438 1805 rum
457 1764 540 1806 nuuc
560 1763 629 1818 run,
645 1767 706 1818 rer,
722 1746 887 1818 elementia,
904 1745 1029 1817 Christe,
1043 1747 1163 1822 regatur
1178 1740 1323 1801 Ecclesia.

209 1839 327 1897 Exaudi
341 1841 509 1915 precamine
528 1847 559 1897 te
573 1840 726 1897 laudantia
739 1847 838 1897 mente
851 1859 944 1916 pura:

209 1920 260 1978 Ita
272 1939 342 1977 num
355 1920 420 1976 laus
433 1921 543 1977 esttibi
552 1927 645 1996 grata,
659 1940 716 1977 vox
730 1922 755 1978 si
769 1921 848 1996 quod
861 1926 963 1977 nostra
976 1924 1062 1976 sonet
1075 1915 1260 1976 conscientia
1270 1923 1374 1975 cenet:

210 2002 296 2071 Quod
309 2007 344 2057 ut
355 2002 491 2057 omnibus
506 2002 668 2076 proveniat,
684 2002 829 2059 indefesse
843 2001 946 2058 divine
958 2005 1115 2077 precentur
1128 1995 1254 2056 auxilia.

210 2081 290 2138 Nam
304 2081 472 2157 quicunque
485 2082 573 2158 digne
587 2088 739 2139 merentur
752 2102 795 2154 ea,
844 2106 846 2110 ·

210 2162 326 2219 (Iuncta
339 2163 381 2219 eis
394 2182 508 2239 semper
522 2173 592 2221 sunt
606 2163 753 2234 salubrie;

211 2243 324 2313 Quibus
338 2244 401 2300 sine
414 2243 545 2302 humana
558 2244 686 2321 cogitata
699 2264 760 2301 non
773 2244 869 2301 utilia.

210 2324 425 2399 Relinquentes
438 2325 532 2401 igitur
544 2325 653 2382 itinera
666 2326 791 2382 nimium
807 2325 878 2396 leta,

209 2408 379 2482 Augustam
393 2407 473 2463 viam
487 2407 656 2482 gradiamur
669 2427 734 2482 quae
747 2407 883 2483 perducit
896 2425 951 2464 nos
964 2406 1001 2462 nd
1015 2405 1116 2463 vitam

211 2486 286 2544 Haec
299 2486 379 2543 enim
392 2506 473 2544 sacra
486 2488 612 2564 vestigia
625 2487 819 2564 Redemptcn'
831 2493 902 2545 sunt
915 2487 1031 2563 placita,

210 2566 270 2636 Qui
283 2572 314 2624 et
327 2573 573 2644 nost1ntempora
587 2568 635 2645 pie
649 2569 787 2645 disponat
800 2588 914 2644 semper
927 2587 1037 2644 nosque
1050 2572 1196 2644 protegat,

211 2647 404 2723 Patrinmque
417 2650 559 2707 miserans
573 2650 662 2708 ducat
675 2650 712 2707 ad
726 2650 845 2719 almam,
860 2668 919 2725 que
932 2649 995 2706 sine
1008 2649 1067 2706 fine
1079 2654 1184 2725 regnat
1196 2668 1205 2721 3

212 2728 391 2804 Canticaque
404 2730 432 2787 ei
445 2737 547 2788 nostra
560 2731 695 2807 placeant
708 2751 761 2807 per
774 2737 881 2788 cuncta
895 2730 986 2788 saeclu

697 2966 699 2969 ,
730 2913 814 2970 LIV.

601 3032 664 3110 (Du
684 3031 939 3109 Iuennusncun.)

313 3148 407 3205 Proca
421 3149 462 3206 ad
474 3148 630 3224 Sequentia
643 3149 781 3222 Domine,
796 3148 951 3225 refugium.

317 3244 466 3321 Alleluya.

252 3341 362 3398 Lnunn
382 3357 503 3400 esnone
523 3360 584 3401 vox
605 3360 746 3402 runcnnn

253 3421 346 3478 Silent
359 3422 443 3480 nullu

253 3501 417 3560 Gaudenda
430 3505 499 3561 dure
513 3507 658 3581 praeconia
671 3526 724 3582 per
737 3524 816 3576 arva,
832 3523 885 3580 per
898 3503 1003 3575 sidera,

252 3583 391 3641 Fecunda
405 3587 539 3653 mittenti
552 3589 660 3644 nuntia
672 3607 742 3644 mox
756 3591 876 3663 partum
890 3582 1052 3661 sequentia,

252 3664 388 3741 Virginis
401 3665 438 3723 nd
452 3664 537 3725 eures
551 3668 755 3744 concipiendas
768 3685 892 3724 munere
904 3664 1062 3742 gcudiflue.

253 3745 325 3821 Spes
341 3746 424 3818 unde,
439 3747 502 3820 lux,
519 3749 582 3806 vita
594 3750 702 3826 prodit,
716 3750 812 3818 venia,
828 3747 950 3804 libertas
962 3752 994 3803 et
1006 3744 1107 3821 gloria.

253 3826 334 3884 Hinc
347 3832 448 3903 stupet
460 3834 573 3902 mnter3
593 3832 720 3887 miratur
732 3829 816 3905 virgo
827 3848 836 3900 ;
857 3833 981 3886 currunt
994 3845 1047 3903 per
1059 3827 1161 3885 orbem
1173 3823 1325 3884 muncult

253 3907 320 3965 Pax
333 3908 457 3966 ceeliflua
471 3912 563 3968 vestit
576 3912 682 3969 saecule.
695 3930 780 3981 nova,
795 3909 875 3986 capit·
888 3909 966 3965 dona
978 3914 1086 3964 natura
1099 3928 1106 3966 :

252 3989 348 4046 Tanta
361 3990 411 4047 sed
425 3991 526 4048 fremit
539 3993 576 4049 ad
589 3993 717 4069 insignia
731 3992 812 4068 plebs
826 3990 887 4048 sola
901 3989 922 4046 J
925 3989 1028 4045 udaica
1034 4008 1043 4060 3

254 4069 318 4127 Sibi
332 4090 434 4142 nocua,
450 4074 534 4129 nobis
547 4075 699 4131 commoda
712 4079 798 4149 parat
811 4091 844 4129 ac
858 4069 1023 4146 suspendia.

253 4150 336 4208 Hinc
348 4154 477 4210 maxima
486 4153 592 4211 iterum
605 4154 669 4212 laus
680 4155 769 4211 micet
779 4153 901 4223 soliflua,
912 4151 1017 4208 mortis
1023 4150 1093 4225 jura
1103 4148 1215 4208 cedunt
1223 4148 1370 4226 improbe,

254 4231 341 4288 Sacra
354 4252 439 4291 cruce
452 4254 576 4301 munera
588 4236 738 4293 deferente
752 4234 853 4291 vivide
866 4233 912 4290 bis
925 4232 996 4289 bine
1009 4232 1089 4290 orbis
1102 4251 1154 4310 per
1167 4231 1296 4290 elimata.

254 4311 396 4371 Exsultat
415 4315 485 4374 hinc
498 4316 670 4394 dignissime
689 4314 877 4394 triumphans
896 4313 954 4372 fide
969 4313 1101 4389 jocunde
1119 4331 1227 4392 sponse
1239 4310 1373 4372 neclan

336 4393 443 4454 lueida.
