2910 4904
440 297 488 362 Ia
502 296 624 363 Natali
638 297 748 363 unios
762 298 939 384 Martyris.
1011 395 1017 404 Ι
1224 305 1286 368 139

148 462 244 521 Aliud
258 463 399 538 Officium.

148 544 189 600 In
210 545 322 602 virtute
344 551 404 617 tua
421 544 557 617 Domine,
572 544 724 603 laetabitur
742 547 859 621 justus:
889 551 920 604 et
942 565 1029 622 super
1051 547 1179 605 salutare
1200 553 1287 606 tuum

88 625 250 682 exsultabit
262 625 471 683 vehementer:
491 626 668 683 desiderium
681 627 787 684 animae
801 628 865 704 ejus
878 627 1012 684 tribuisti
1026 628 1061 685 ei.

149 717 298 775 Psalmis.
342 719 383 774 Et
396 718 552 776 voluntate
564 719 711 776 labiorum
725 720 803 795 ejus:
817 740 877 777 non
891 721 1035 778 fraudasti
1048 741 1123 781 eum

148 805 247 863 Aliud
263 805 405 881 Officium.

150 888 257 945 Justus
283 892 318 944 ut
351 887 449 963 palma
481 887 606 960 florebit,
636 889 712 945 sicut
745 889 847 946 cedrus
882 889 990 946 Libani
1023 891 1286 967 multiplicabitur:

90 969 241 1044 plantatus
254 969 287 1024 in
301 968 387 1025 domo
401 969 531 1041 Domini,
547 969 580 1025 in
593 969 678 1026 atriis
691 970 795 1026 domus
808 971 868 1028 Dei
880 971 983 1028 nostri.

151 1056 193 1113 Ia
207 1066 328 1132 tempore
341 1057 490 1130 Poscioli,
504 1058 654 1133 Alleluya,
670 1058 804 1134 alleluya.

151 1138 296 1195 Prolatus.

152 1218 269 1276 Bonum
283 1224 328 1275 est
342 1219 476 1276 confiteri
489 1219 637 1277 Domino:
658 1225 689 1277 et
701 1219 824 1296 psallere
838 1221 952 1277 nomini
965 1226 1026 1294 tuo,
1042 1221 1192 1281 altissime.

150 1298 246 1356 Aliud
262 1298 402 1374 Officium.

151 1380 259 1438 Justus
278 1399 338 1437 non
359 1381 593 1456 conturbabitur,
608 1381 678 1457 quia
693 1381 840 1438 Dominus
860 1382 959 1439 firmat
979 1402 1099 1439 manum
1119 1385 1202 1459 ejus:
1223 1389 1287 1442 tota

90 1461 137 1518 dia
162 1462 319 1519 miseretur
343 1467 374 1518 et
395 1462 577 1518 commodat:
608 1470 638 1519 et
661 1481 761 1520 semen
782 1463 862 1520 illius
885 1464 918 1519 in
942 1464 1144 1522 benedictione
1166 1466 1232 1536 erit,
1254 1466 1286 1522 in

91 1548 235 1599 aeternum
249 1543 478 1602 conservabitur.

152 1623 297 1681 Probinus.

152 1703 227 1761 Noli
251 1705 382 1762 aemulari
405 1705 437 1761 in
460 1704 709 1782 malignantibus:
739 1724 834 1780 neque
856 1705 995 1764 zelaveris
1016 1706 1156 1765 facientes
1179 1707 1287 1783 iniqui-

89 1791 194 1843 tatem.

152 1864 249 1922 Aliud
263 1865 403 1941 Officium.

153 1945 255 2005 Gloria
277 1948 438 2005 ethonore
461 1947 608 2005 coronasti
630 1966 715 2005 eum:
745 1953 775 2004 et
797 1948 978 2006 constituisti
1001 1967 1069 2006 eum
1090 1968 1178 2025 super
1199 1968 1286 2025 opera

91 2046 235 2084 manuum
248 2036 375 2085 tuarum.
455 2059 456 2062 ¹

152 2108 297 2166 Pserimos.

151 2190 280 2247 Domine
304 2190 452 2247 Dominus
472 2195 591 2248 noster:
622 2209 711 2266 quam
737 2190 909 2246 admirabile
937 2196 981 2247 est
1008 2210 1116 2247 nomen
1142 2197 1228 2249 tuum
1254 2193 1287 2248 in

91 2271 230 2328 universa
243 2277 330 2328 terra.

151 2352 200 2409 Εἴ
213 2352 362 2410 suendum
379 2352 456 2425 quod
474 2351 574 2408 omnio
586 2350 693 2425 Officio,
711 2350 873 2426 Offirtmin,
888 2361 914 2409 et
929 2351 1160 2423 Commuoionca
1179 2363 1239 2409 tom
1253 2354 1287 2410 de

90 2432 186 2490 Fastis
212 2453 301 2507 quom
325 2434 360 2490 de
383 2432 498 2489 servitio
525 2432 773 2508 multotiesque
793 2434 834 2489 od
854 2433 973 2490 Festum
993 2431 1107 2490 Sorictae
1129 2434 1288 2491 Trinitatis

90 2513 191 2571 debera
205 2514 359 2571 terminari
372 2533 436 2571 oum
448 2512 611 2588 Alleluya„

154 2593 263 2651 Oratio,

152 2673 273 2745 Praesta,
289 2693 462 2750 quaesumus,
478 2675 664 2750 omnipotens
685 2675 775 2746 Deus,
791 2681 826 2732 ut
846 2676 898 2751 qui
917 2676 997 2733 beati
1017 2675 1056 2732 N.
1079 2677 1218 2751 martyris
1238 2675 1285 2732 tui

89 2755 228 2812 natalitia
248 2755 378 2827 colimus,
393 2756 600 2813 intercessione
623 2757 686 2831 ejus
708 2757 740 2811 in
763 2757 810 2812 tui
832 2756 961 2813 nominis
981 2776 1081 2814 amore
1104 2758 1284 2814 roboremur.

90 2835 151 2892 Per
164 2836 328 2892 Dominum
341 2842 475 2892 nostrum
489 2836 510 2892 J
512 2855 593 2892 esum
608 2835 769 2895 Christum.

152 2929 247 2985 Lectio
262 2928 330 2985 iibri
343 2927 495 3003 Sapientia
512 2928 642 3004 (Euctus.
657 2929 713 2988 aio.
731 2930 787 3000 223
807 2949 851 2988 aro.
870 2929 944 3006 3-6)

152 3009 262 3066 Beatus
275 3010 331 3080 vir,
344 3011 395 3085 qui
408 3010 440 3065 in
454 3009 600 3084 sapientia
613 3009 784 3082 morabitur,
797 3015 827 3067 et
841 3012 893 3086 qui
905 3012 939 3067 in
948 3011 1068 3088 justitia
1081 3010 1283 3082 meditabitur,

89 3095 121 3147 et
134 3090 168 3146 in
181 3109 268 3147 sensu
281 3091 422 3166 cogitabit
436 3090 724 3166 circumspectionem
740 3091 805 3150 Dei.
850 3093 968 3150 Oibabit
981 3093 1065 3149 illum
1080 3112 1156 3168 pane
1170 3093 1239 3149 vitae
1255 3099 1286 3149 ct

88 3171 276 3243 intellectus3
297 3178 327 3227 et
340 3190 417 3246 aqua
437 3171 587 3246 sapientiae
602 3171 738 3229 salutaris
751 3173 866 3248 potabit
880 3173 973 3230 illum.
1016 3174 1057 3229 Et
1071 3174 1239 3229 firmabitur
1252 3173 1285 3229 in

88 3251 151 3323 illc,
180 3257 210 3308 et
236 3271 297 3308 non
324 3251 475 3309 flectetur:
511 3258 542 3309 et
569 3252 732 3310 continebit
758 3253 844 3310 illum
868 3260 898 3311 et
924 3274 985 3311 non
1009 3255 1224 3325 confundetur;
1255 3260 1286 3311 et

89 3332 237 3390 exaltabit
259 3333 345 3388 illum
369 3334 447 3408 apud
470 3334 619 3408 proximos
643 3353 717 3391 suos.
768 3334 810 3391 Et
830 3335 950 3393 nomine
974 3340 1084 3393 aeterno
1107 3334 1286 3393 hereditabit

89 3413 177 3470 illum
191 3413 338 3470 Dominus
351 3414 433 3471 Deus
446 3420 552 3472 noster.

151 3505 250 3564 Lectio
264 3507 333 3564 iibri
345 3506 503 3582 Sapientia
516 3506 644 3583 (Erotos.
660 3507 738 3564 arari.
754 3506 849 3583 8-11)

150 3588 262 3644 Beatus
272 3589 328 3660 vir,
340 3589 392 3663 qui
405 3588 544 3644 inventus
558 3595 602 3644 est
616 3589 679 3646 sine
693 3590 816 3659 macula,
833 3587 926 3664 etqui
939 3594 1007 3664 post
1020 3608 1125 3645 aurum
1139 3608 1198 3645 non
1212 3588 1287 3645 abiit

91 3689 182 3743 risque
195 3669 236 3724 od
249 3674 279 3725 et
293 3668 489 3742 eleemosynas
502 3669 583 3725 illius
597 3670 745 3726 enarrabit
759 3670 855 3726 omnis
869 3669 988 3726 ecclesia
1001 3675 1176 3726 sanctorum.

151 3759 250 3819 Lectio
264 3760 333 3818 iibri
345 3760 502 3836 Sapientia
515 3761 568 3838 (iv.
588 3760 681 3838 7-15).

150 3843 173 3900 J
174 3848 259 3899 ustus
272 3843 298 3898 si
311 3849 406 3898 morte
426 3848 645 3919 praeoccupatus
665 3842 756 3900 luerit
772 3863 861 3918 iisque
875 3844 916 3900 od
929 3849 959 3900 et
973 3849 1122 3920 respectus
1135 3844 1168 3900 in
1180 3843 1286 3900 electos

90 3922 179 3980 illius.

150 4003 248 4061 Lectio
263 4003 331 4060 libri
343 4002 501 4078 Sapientia
515 4005 559 4080 (x.
578 4005 692 4082 10-14).
746 4008 750 4015 ’

150 4085 172 4142 J
174 4091 276 4141 ustum
290 4084 414 4140 deduxit
433 4085 580 4141 Dominus
601 4105 690 4160 usquc
710 4087 751 4142 od
771 4093 801 4142 et
815 4085 896 4142 dedit
909 4086 954 4142 illi
968 4085 1130 4142 claritatem
1145 4091 1286 4142 aeternam

89 4165 239 4222 Dominus
254 4165 336 4222 Deus
348 4171 454 4221 noster.

149 4256 249 4315 Lectio
263 4257 399 4333 Epistobe
413 4258 488 4315 beati
501 4258 594 4315 Potitii
606 4258 755 4334 Apostoli:
775 4258 825 4316 Act
840 4259 1006 4329 Corinthios
1019 4258 1055 4337 (2
1070 4280 1094 4317 o.
1113 4257 1210 4334 l-ll)

149 4339 288 4395 Fratres:
310 4338 423 4395 Scimus
437 4340 577 4418 quoniam
599 4340 624 4397 si
645 4341 795 4397 terrestris
816 4341 919 4397 domus
939 4361 1029 4415 usque
1051 4341 1091 4397 od
1114 4339 1285 4396 manifestos

87 4438 142 4476 nos
157 4439 226 4491 esse,
243 4419 302 4476 Per
315 4418 337 4476 J
338 4438 420 4476 esum
434 4419 587 4477 Christum
600 4420 764 4477 Dominum
777 4427 919 4478 nostrum.
