2910 4904
618 293 714 358 Festo
735 292 841 361 Jultt.
1287 296 1329 366 67

187 457 391 534 Ecanpclium.
434 459 572 535 Rogabat
595 460 700 518 Jesum
724 461 845 537 quidam
868 461 1045 533 Pharisaeus,
1068 467 1162 537 qnaere
1184 463 1217 520 ia
1238 461 1329 521 Faria

124 549 207 598 aecta
220 540 384 599 Dominicoe
397 541 586 616 quindecimos
594 552 663 617 post
675 541 797 600 Festum
811 543 978 603 Trinitatis.

191 620 384 694 Offirtora'um.
427 622 512 679 Filiae
526 642 636 698 regum.

189 701 311 760 Secreta.
1110 763 1130 766 ,a
1166 759 1168 763 ,

190 783 358 856 Offerimus,
384 783 520 856 Domine,
543 804 642 860 preces
669 791 700 841 et
727 804 849 842 munera
876 787 908 841 in
935 784 1046 842 honore
1080 791 1188 843 sanetae
1222 785 1327 843 Mariae

126 863 314 941 Magdalenae
327 865 496 941 gaudentes,
513 872 627 941 praesta,
644 885 819 942 quaesumus,
833 872 868 923 ut
882 872 913 923 et
926 867 1134 924 convenienter
1154 867 1216 924 haec
1232 887 1326 944 agere,

126 952 158 1002 et
172 946 335 1002 remedium
349 947 561 1021 sempiternum
575 947 725 1004 valeamus
737 945 895 1024 acquirere.
940 948 998 1004 Per
1011 947 1183 1025 Dominum.

191 1025 374 1086 Communia.
417 1027 567 1086 Dilexisti.

191 1108 434 1165 Poatccmmum'o

190 1188 389 1246 Auxilientur
419 1189 512 1260 nobie,
540 1188 677 1261 Domine,
706 1196 889 1247 sacrosancta
922 1189 1063 1266 mysteria
1095 1191 1189 1248 beatae
1224 1190 1328 1247 Mariae

128 1267 316 1344 Magdalenae
343 1270 533 1327 veneratione
560 1271 713 1342 celebrata,
742 1290 806 1347 quae
834 1271 939 1346 spretis
967 1272 1108 1329 vanitatis
1132 1272 1276 1329 illecebris
1299 1278 1330 1328 te

127 1350 227 1443 solum
245 1351 377 1427 diligere,
399 1351 514 1426 tibique
534 1350 598 1408 Deo
617 1351 687 1408 vivo
708 1357 739 1409 et
752 1371 823 1408 vero
843 1352 931 1429 elegit
947 1353 1061 1428 jugiter
1078 1352 1227 1411 inhaerere.
1271 1353 1330 1422 Qui

130 1450 218 1489 suris.
297 1445 307 1462 ⁸

326 1567 436 1623 Sanorr
457 1566 675 1639 Aronmnaars,
699 1582 860 1624 nanrrms.
906 1563 945 1642 (x.
962 1565 1031 1632 Kal.
1047 1564 1141 1643 Aug.)

196 1671 336 1745 Officium.
381 1672 550 1729 Sacerdotes
565 1672 631 1729 Dei.
718 1744 721 1754 1

197 1752 308 1810 Oratio.

193 1833 389 1890 Clementiam
416 1840 499 1890 tuam
527 1853 702 1910 quaesumus,
735 1834 921 1908 omnipotens
949 1834 1038 1904 Deua,
1068 1840 1103 1888 ut
1130 1833 1332 1890 intercedente

128 1933 187 1991 pro
201 1915 285 1971 nobis
299 1915 386 1971 beato
397 1915 573 1990 Apollinare
586 1920 716 1990 martyre
733 1921 785 1971 tuo
803 1924 893 1989 atque
907 1915 1052 1989 pontifice,
1069 1914 1185 1970 veniam
1200 1915 1332 1970 omnium

129 1997 273 2070 consequi
293 2015 458 2052 mereamur
478 1997 687 2071 peccaminum,
703 2002 732 2052 et
746 1996 840 2052 vitam
861 1998 990 2070 accipere
1011 1994 1161 2051 valeamus
1182 2001 1329 2052 aeternam.

131 2077 194 2134 Per
208 2076 380 2133 Dominum.

195 2157 338 2232 Epistola.
381 2154 541 2214 Testificor.

198 2238 335 2296 Grcdol.
377 2239 507 2296 duravit.

195 2319 345 2394 Alleluya.
395 2319 433 2394 V,
447 2319 509 2376 Iste
523 2325 649 2377 sanctus.

195 2400 397 2474 Evonqclc'um.
442 2400 534 2456 Facta
547 2406 591 2456 est
606 2399 765 2470 contentio,
779 2399 813 2455 in
828 2397 982 2457 Communi
996 2399 1198 2474 apostolorum.

198 2481 391 2554 Offlrtoriurn.
434 2481 564 2538 Veritas.

196 2562 319 2620 Secreto.

198 2643 324 2700 Hostias
357 2643 423 2715 tibi,
458 2642 594 2712 Domine,
629 2662 681 2718 pro
716 2640 991 2698 commemoratione
1032 2640 1111 2696 beati
1151 2640 1335 2716 Apollinaris

133 2724 277 2799 martyris
290 2723 338 2780 tui
356 2729 447 2798 atque
467 2724 615 2799 pontificis
639 2723 788 2780 offerimus
809 2721 980 2796 suppliciter
1000 2722 1195 2796 deprecantes,
1210 2727 1245 2776 ut
1259 2722 1335 2777 sieut

134 2807 182 2862 illi
196 2803 352 2880 praebuisti
371 2824 458 2861 sacrae
479 2805 549 2861 fidei
567 2805 740 2875 claritatem,
758 2804 799 2860 sic
820 2802 904 2859 nobis
923 2803 1138 2879 indulgentiam
1158 2802 1292 2876 largiaris
1306 2810 1336 2859 et

135 2907 246 2964 pacem.
291 2885 357 2942 Per.

199 2966 382 3024 Commendo.
427 2966 522 3023 Semel
532 2967 641 3042 juravi.

197 3047 442 3104 Postcommonio

198 3130 246 3187 Ut
267 3128 361 3199 nobis,
385 3127 521 3197 Domine,
542 3134 595 3183 tua
615 3126 753 3183 sacrificia
774 3127 845 3182 dent
864 3126 997 3195 salutem,
1013 3126 1117 3181 beatus
1139 3131 1253 3202 martyr
1266 3133 1336 3181 tuus

134 3209 323 3287 Apollinaris
336 3215 425 3284 atque
439 3208 582 3284 pontiferr,
598 3227 772 3283 quaesumus
788 3212 922 3282 precator
935 3206 1060 3263 accedat.
1105 3207 1169 3262 Per.

352 3422 391 3478 In
411 3421 541 3478 Vrcrma
563 3435 669 3477 sancrr
690 3418 811 3476 Jaooar.
856 3417 930 3494 (viii.
947 3417 1016 3474 Kal.
1032 3417 1126 3494 Aug.)

202 3529 343 3604 Officium.
387 3527 450 3603 Ego
464 3535 572 3583 autem.

202 3613 311 3669 Oratio.
356 3609 489 3666 Concede
502 3607 595 3677 nobis,
610 3626 784 3681 quaesumus,
801 3604 986 3680 omnipotens
1001 3606 1089 3661 Deus.

201 3692 347 3750 Meritoria
362 3692 396 3748 dc
416 3699 514 3746 sancto
530 3688 687 3748 Christiano.
732 3686 890 3757 Oratio,‘dc
906 3686 1068 3744 Communi.
1112 3686 1202 3756 Deus,
1218 3687 1268 3762 qui
1284 3706 1334 3741 nos

141 3777 241 3832 beatae.

202 3853 342 3930 Epistola.

203 3935 381 3993 Benedictus
394 3934 476 3990 Deus
490 3939 520 3988 et
534 3932 624 3987 Pater
638 3929 760 3986 Domini
773 3928 867 3986 nostri
887 3929 909 3985 J
911 3948 960 3986 esu
983 3929 1102 4001 Christi,
1118 3929 1169 4005 qui
1183 3929 1340 3984 benedixit

141 4038 204 4090 nos,
218 4017 253 4073 ia
267 4015 425 4074 Coruncani
439 4014 529 4070 unius
542 4011 689 4086 naartyra's.

205 4097 337 4155 Crudol.
381 4097 487 4153 Justus
501 4101 536 4150 ut
550 4093 653 4168 palma.

202 4179 237 4236 Sa·
257 4177 415 4234 Dominico
435 4178 480 4246 ait,
501 4175 648 4250 Alleluya.
698 4172 727 4232 V.
750 4173 857 4230 Justus
877 4192 937 4229 non
958 4172 1189 4242 conturbabitur,
1206 4171 1238 4227 in
1254 4170 1335 4229 Com-

143 4261 228 4318 rnnai
243 4260 336 4316 unius
349 4258 495 4333 martyris.

204 4341 404 4414 Ezaaaqelium.
447 4338 522 4395 Haec
537 4335 644 4393 mando
658 4333 749 4392 vobis.

206 4421 398 4497 Offcrtora'um.
442 4418 544 4478 Gloria
557 4423 587 4475 et
601 4417 718 4475 honore.
