2910 4904
660 251 756 316 Festo
776 249 881 347 dclii.

665 466 782 524 Taarro
803 483 866 523 nm.

229 572 370 648 Officium.
414 573 494 631 Mihi
508 579 617 630 autem.

227 655 335 714 Oratio.
380 655 462 712 Deus
476 654 528 730 qui
542 654 722 710 hodiernam.

224 736 365 811 Epistola.
408 737 430 794 J
432 756 480 792 am
495 755 554 792 non
568 735 638 791 estis
651 734 789 810 hospites,

229 817 364 874 Grodole.
407 816 585 874 Constitues.

224 898 373 973 Alleluya.
423 897 452 955 V.
475 898 515 954 In
528 916 645 953 omnem
659 902 777 952 terram.

224 978 426 1053 annqeliam.
471 979 546 1035 Haec
560 977 667 1033 mando
681 977 773 1035 vobis.

226 1058 421 1132 Offirtoriam.
467 1058 638 1116 Constitues
652 1077 708 1114 eos.

225 1139 407 1198 Communia
449 1139 557 1209 Amen,
573 1139 638 1195 dico
652 1138 744 1195 vobis.

220 1221 379 1279 Dominioo
387 1221 471 1278 intro
484 1222 511 1278 si
524 1220 668 1277 ococooorit
681 1240 701 1276 o
712 1219 794 1276 Festo
808 1237 909 1275 novem
916 1216 1096 1288 lectionum,
1107 1216 1249 1274 dicantar
1262 1216 1367 1275 omnio

163 1303 198 1359 do
213 1301 372 1360 Communi
385 1303 589 1378 apostoloram,
606 1321 672 1359 cam
685 1320 749 1357 aaa
763 1301 797 1356 de
811 1299 905 1356 tribas
918 1296 1022 1355 Missis
1042 1297 1178 1373 saperius
1194 1297 1369 1375 specificatio

163 1383 197 1439 in
210 1385 312 1442 ordine
325 1404 377 1441 sao
392 1384 523 1459 saoapto's,
541 1402 608 1439 cam
620 1380 783 1456 Sequentiis
793 1380 954 1438 secandam
968 1378 1123 1453 ordinem..

244 1592 284 1649 Iu
306 1593 542 1651 Tanusnamoun
563 1609 669 1650 sancii
690 1581 841 1662 Mummi
863 1608 998 1649 s1³1scor1
1019 1608 1056 1649 ar
1076 1609 1283 1653 concussoius.

645 1690 695 1767 (iv.
713 1691 790 1749 Non.
807 1689 884 1767 Jul.)

224 1789 364 1864 Officium.
407 1790 520 1847 Statuit
533 1788 587 1847 eil*

224 1870 333 1930 Oratio

221 1952 313 2023 Deus,
328 1951 380 2028 qui
398 1951 505 2027 populo
523 1956 577 2008 tuo
594 1956 710 2007 aeternae
732 1950 837 2008 salutis
859 1952 979 2008 beatum
1002 1950 1171 2008 Martinam
1191 1951 1366 2012 ministrum

158 2032 334 2103 concessisti,
349 2039 465 2108 praesta,
481 2051 656 2107 quaesumus,
667 2038 702 2088 ut
711 2051 800 2106 quem
813 2032 963 2089 doctorem
972 2031 1044 2088 vitae
1058 2032 1216 2090 habuimus
1229 2033 1264 2090 in
1277 2035 1367 2094 terris

159 2113 381 2171 intercessorem
395 2132 509 2188 semper
522 2113 629 2169 habere
644 2132 807 2170 mereamur
819 2113 853 2169 in
867 2113 951 2171 caelis.
995 2112 1055 2170 Per
1068 2113 1240 2172 Dominum.

220 2194 255 2249 M
256 2195 365 2251 omorio
379 2194 413 2251 dc
427 2193 578 2268 Apostolis.

219 2275 359 2350 Epistola.
403 2274 508 2331 Omnis
522 2274 664 2350 pontifex.

221 2356 355 2413 Grodoto.
398 2355 534 2427 Domine,
550 2352 726 2431 praevenisti.

218 2437 367 2512 Alleluya.
417 2437 444 2494 V.
468 2437 577 2494 Justus
589 2434 775 2512 germinabit.

217 2518 379 2593 Sequentia.
424 2518 610 2575 Sacerdotem
632 2515 802 2588 Christian
822 2516 856 2574 in
876 2516 935 2573 olio
949 2515 1040 2588 Festo,
1056 2537 1152 2592 qaaero
1170 2518 1205 2575 in
1220 2518 1280 2576 alio
1300 2518 1365 2594 ejus
1412 2574 1418 2589 ,

157 2598 248 2658 Festo.

215 2681 417 2753 Eoonpotiam.
461 2679 565 2736 Nolite
585 2679 691 2736 timere
712 2677 837 2754 pusillus
856 2698 930 2754 grex
950 2697 1040 2752 aequo
1060 2679 1101 2736 od
1120 2686 1151 2736 et
1164 2699 1215 2737 cor
1227 2685 1362 2739 vestrum

158 2762 222 2818 erit.

220 2842 410 2915 Offertorium.
453 2841 583 2898 Veritas.

217 2922 338 2980 Secreto.

217 3003 413 3078 Omnipotens
427 3003 602 3078 sempiterne
617 3002 707 3072 Deua,
717 3021 840 3058 munera
852 3006 912 3058 tuae
926 3001 1077 3077 majestati
1090 3000 1191 3059 oblata
1202 3021 1256 3078 per
1269 3002 1361 3062 intar-

155 3085 313 3141 cessionem
336 3083 415 3139 beati
436 3083 571 3154 Martini,
586 3083 758 3148 confessoris
778 3083 825 3139 tui
845 3088 934 3157 atque
954 3083 1111 3158 pontificis,
1126 3083 1164 3141 ad
1184 3089 1359 3161 perpetuam

155 3166 201 3223 fac
216 3167 300 3222 nobis
314 3164 453 3240 proficere
467 3164 599 3220 salutem.
643 3164 702 3220 Per
716 3164 888 3220 Dominum.

217 3245 398 3305 Communia
443 3245 553 3302 Beatus
567 3265 675 3302 servus.

216 3327 457 3386 Postcoooomnio

215 3410 403 3466 Sacramenta
426 3407 529 3465 salutis
552 3413 661 3464 nostrae
684 3406 885 3482 suscipientes,
910 3405 1043 3476 concede,
1062 3425 1238 3481 quaesumus,
1263 3407 1358 3465 omni-

152 3497 256 3567 potens
284 3491 375 3557 Deus,
404 3497 439 3546 ut
465 3489 545 3546 beati
570 3488 706 3557 Martini,
729 3487 902 3544 confessoris
929 3487 976 3543 tui
1003 3493 1093 3562 atque
1120 3487 1276 3562 pontificis,
1300 3507 1359 3547 nos

153 3573 263 3648 ubique
278 3573 372 3628 oratio
395 3571 526 3647 adjuvet,
548 3571 581 3626 in
595 3570 679 3644 cujus
693 3568 884 3625 veneratione
905 3566 967 3624 haec
990 3572 1049 3624 tuae
1071 3567 1234 3627 obtulimus
1254 3569 1361 3645 majes-

155 3654 219 3710 tati.
264 3653 330 3710 Per.

362 3811 402 3867 In
424 3811 549 3868 Ocravn
570 3810 805 3865 Arosroaoaon.
850 3806 944 3882 (Prid.
962 3807 1043 3864 Non.
1060 3807 1082 3864 J
1084 3805 1138 3882 ul.)
1183 3826 1188 3837 ·

215 3954 354 4028 Officium.
399 3949 582 4027 Sapientiam
597 3954 773 4006 sanctorum.

214 4035 417 4189 Εέἶίεῖοοιῄιιε
445 4113 567 4168 dextera
594 4110 714 4165 beatum
745 4108 869 4165 Petrum
897 4108 1062 4184 apostolum
1090 4107 1295 4166 ambulantem
1323 4108 1357 4167 in

153 4198 291 4256 fluctibus
305 4216 343 4252 ne
357 4198 539 4269 mergeretur
552 4190 656 4262 erexit,
672 4196 703 4246 et
724 4189 923 4265 coapostolum
944 4191 1006 4266 ejus
1028 4189 1155 4246 Paulum
1171 4190 1264 4246 tortio
1284 4209 1358 4248 nau·

214 4328 227 4351 ³
244 4329 276 4373 So
291 4329 316 4372 in
331 4327 363 4371 all
379 4326 464 4379 MSS.;
485 4324 530 4368 bnt
545 4322 615 4379 Edu,
629 4321 713 4366 “Mihi
728 4321 827 4380 autom,”
843 4321 922 4366 which
937 4321 963 4366 in
978 4322 1019 4367 the
1035 4335 1096 4380 copy
1107 4320 1132 4367 ot
1146 4321 1202 4367 first
1214 4320 1305 4380 Eam
1315 4322 1359 4369 tho
1422 4352 1428 4363 .

154 4385 275 4443 Bodleian,
285 4389 328 4432 has
339 4388 399 4431 hren
410 4383 531 4430 corrected
541 4383 574 4442 by
584 4381 655 4426 hand.
