<?xml version="1.0" encoding="UTF-8"?>
<!DOCTYPE html PUBLIC "-//W3C//DTD XHTML 1.0 Transitional//EN"
    "http://www.w3.org/TR/xhtml1/DTD/xhtml1-transitional.dtd">
<html xmlns="http://www.w3.org/1999/xhtml" xml:lang="en" lang="en">
 <head>
  <title>
</title>
<meta http-equiv="Content-Type" content="text/html;charset=utf-8" />
  <meta name='ocr-system' content='tesseract 3.04.00' />
  <meta name='ocr-capabilities' content='ocr_page ocr_carea ocr_par ocr_line ocrx_word'/>
</head>
<body>
  <div class='ocr_page' id='page_1' title='image "./missaleadusumin01churgoog_0203.png"; bbox 0 0 2910 4904; ppageno 0'>
   <div class='ocr_carea' id='block_1_1' title="bbox 179 276 982 348">
    <p class='ocr_par' dir='ltr' id='par_1_1' title="bbox 179 276 982 348">
     <span class='ocr_line' id='line_1_1' title="bbox 179 276 982 348; baseline 0.005 -8"><span class='ocrx_word' id='word_1_1' title='bbox 179 282 241 348; x_wconf 65' lang='lat'><strong>174</strong></span> <span class='ocrx_word' id='word_1_2' title='bbox 578 276 752 344; x_wconf 79' lang='lat' dir='ltr'><strong>Orationes</strong></span> <span class='ocrx_word' id='word_1_3' title='bbox 776 278 982 344; x_wconf 73' lang='lat' dir='ltr'><em>Communes.</em></span> 
     </span>
    </p>
   </div>
   <div class='ocr_carea' id='block_1_2' title="bbox 650 486 913 545">
    <p class='ocr_par' dir='ltr' id='par_1_2' title="bbox 650 486 913 545">
     <span class='ocr_line' id='line_1_2' title="bbox 650 486 913 545; baseline 0.008 -2"><span class='ocrx_word' id='word_1_4' title='bbox 650 486 715 544; x_wconf 88' lang='lat' dir='ltr'><strong>Pno</strong></span> <span class='ocrx_word' id='word_1_5' title='bbox 736 486 913 545; x_wconf 82' lang='lat' dir='ltr'><strong>Anmsrrrn.</strong></span> 
     </span>
    </p>
   </div>
   <div class='ocr_carea' id='block_1_3' title="bbox 160 567 1388 1452">
    <p class='ocr_par' dir='ltr' id='par_1_3' title="bbox 160 567 1388 1452">
     <span class='ocr_line' id='line_1_3' title="bbox 160 567 351 626; baseline -0.01 0"><span class='ocrx_word' id='word_1_6' title='bbox 160 578 163 583; x_wconf 88' lang='lat'>&#39;</span> <span class='ocrx_word' id='word_1_7' title='bbox 242 567 351 626; x_wconf 78' lang='lat' dir='ltr'><strong>Oratio.</strong></span> 
     </span>
     <span class='ocr_line' id='line_1_4' title="bbox 240 646 1386 729; baseline 0.003 -24"><span class='ocrx_word' id='word_1_8' title='bbox 240 648 382 720; x_wconf 80' lang='lat' dir='ltr'><strong>Oonoede,</strong></span> <span class='ocrx_word' id='word_1_9' title='bbox 405 666 581 723; x_wconf 72' lang='lat' dir='ltr'><strong>quaesumuS,</strong></span> <span class='ocrx_word' id='word_1_10' title='bbox 603 646 740 718; x_wconf 85' lang='lat' dir='ltr'><strong>Domine,</strong></span> <span class='ocrx_word' id='word_1_11' title='bbox 761 648 872 706; x_wconf 90' lang='lat' dir='ltr'><strong>famulo</strong></span> <span class='ocrx_word' id='word_1_12' title='bbox 896 654 949 705; x_wconf 87' lang='lat' dir='ltr'><strong>tuo</strong></span> <span class='ocrx_word' id='word_1_13' title='bbox 969 649 1099 707; x_wconf 78' lang='lat' dir='ltr'><strong>antistiti</strong></span> <span class='ocrx_word' id='word_1_14' title='bbox 1119 656 1231 724; x_wconf 84' lang='lat' dir='ltr'><strong>nostro,</strong></span> <span class='ocrx_word' id='word_1_15' title='bbox 1252 656 1291 709; x_wconf 89' lang='lat' dir='ltr'><strong>ut</strong></span> <span class='ocrx_word' id='word_1_16' title='bbox 1314 670 1386 729; x_wconf 79' lang='lat' dir='ltr'><strong>prae·</strong></span> 
     </span>
     <span class='ocr_line' id='line_1_5' title="bbox 176 729 1386 807; baseline 0.004 -22"><span class='ocrx_word' id='word_1_17' title='bbox 176 729 304 786; x_wconf 86' lang='lat' dir='ltr'><strong>dicando</strong></span> <span class='ocrx_word' id='word_1_18' title='bbox 324 736 355 786; x_wconf 88' lang='lat' dir='ltr'><strong>et</strong></span> <span class='ocrx_word' id='word_1_19' title='bbox 369 729 530 786; x_wconf 89' lang='lat' dir='ltr'><strong>exercendo</strong></span> <span class='ocrx_word' id='word_1_20' title='bbox 545 747 610 803; x_wconf 86' lang='lat' dir='ltr'><strong>quae</strong></span> <span class='ocrx_word' id='word_1_21' title='bbox 623 735 705 786; x_wconf 89' lang='lat' dir='ltr'><strong>reeta</strong></span> <span class='ocrx_word' id='word_1_22' title='bbox 718 734 797 800; x_wconf 93' lang='lat' dir='ltr'><strong>sunt,</strong></span> <span class='ocrx_word' id='word_1_23' title='bbox 818 729 953 805; x_wconf 83' lang='lat' dir='ltr'><strong>exemplo</strong></span> <span class='ocrx_word' id='word_1_24' title='bbox 967 729 1112 788; x_wconf 90' lang='lat' dir='ltr'><strong>bonorum</strong></span> <span class='ocrx_word' id='word_1_25' title='bbox 1132 750 1257 807; x_wconf 87' lang='lat' dir='ltr'><strong>operum</strong></span> <span class='ocrx_word' id='word_1_26' title='bbox 1271 732 1386 790; x_wconf 85' lang='lat' dir='ltr'><strong>animas</strong></span> 
     </span>
     <span class='ocr_line' id='line_1_6' title="bbox 178 807 1386 881; baseline 0.004 -15"><span class='ocrx_word' id='word_1_27' title='bbox 178 830 302 867; x_wconf 83' lang='lat' dir='ltr'><strong>suorum</strong></span> <span class='ocrx_word' id='word_1_28' title='bbox 322 811 451 867; x_wconf 89' lang='lat' dir='ltr'><strong>instruat</strong></span> <span class='ocrx_word' id='word_1_29' title='bbox 465 807 659 881; x_wconf 87' lang='lat' dir='ltr'><strong>subditorum,</strong></span> <span class='ocrx_word' id='word_1_30' title='bbox 676 815 707 866; x_wconf 90' lang='lat' dir='ltr'><strong>et</strong></span> <span class='ocrx_word' id='word_1_31' title='bbox 726 815 843 866; x_wconf 82' lang='lat' dir='ltr'><strong>aeternae</strong></span> <span class='ocrx_word' id='word_1_32' title='bbox 864 811 1109 869; x_wconf 75' lang='lat' dir='ltr'><strong>remunerationis</strong></span> <span class='ocrx_word' id='word_1_33' title='bbox 1129 813 1297 871; x_wconf 83' lang='lat' dir='ltr'><strong>mercedem</strong></span> <span class='ocrx_word' id='word_1_34' title='bbox 1316 832 1336 870; x_wconf 89' lang='lat' dir='ltr'><strong>a</strong></span> <span class='ocrx_word' id='word_1_35' title='bbox 1356 819 1386 871; x_wconf 83' lang='lat' dir='ltr'><strong>te</strong></span> 
     </span>
     <span class='ocr_line' id='line_1_7' title="bbox 181 888 1042 967; baseline 0.005 -21"><span class='ocrx_word' id='word_1_36' title='bbox 181 891 313 967; x_wconf 91' lang='lat' dir='ltr'><strong>piissimo</strong></span> <span class='ocrx_word' id='word_1_37' title='bbox 326 897 443 967; x_wconf 89' lang='lat' dir='ltr'><strong>pastore</strong></span> <span class='ocrx_word' id='word_1_38' title='bbox 456 888 606 966; x_wconf 90' lang='lat' dir='ltr'><strong>percipiat.</strong></span> <span class='ocrx_word' id='word_1_39' title='bbox 649 889 708 948; x_wconf 90' lang='lat' dir='ltr'><strong>Per</strong></span> <span class='ocrx_word' id='word_1_40' title='bbox 722 889 885 947; x_wconf 92' lang='lat' dir='ltr'><strong>Dominum</strong></span> <span class='ocrx_word' id='word_1_41' title='bbox 898 898 1042 950; x_wconf 85' lang='lat' dir='ltr'><strong>nostrum.</strong></span> 
     </span>
     <span class='ocr_line' id='line_1_8' title="bbox 242 972 1172 1032; baseline -0.006 0"><span class='ocrx_word' id='word_1_42' title='bbox 242 972 363 1032; x_wconf 77' lang='lat' dir='ltr'><strong>Secreto.</strong></span> <span class='ocrx_word' id='word_1_43' title='bbox 1169 1020 1172 1026; x_wconf 93' lang='lat'>.</span> 
     </span>
     <span class='ocr_line' id='line_1_9' title="bbox 243 1051 1388 1129; baseline 0.003 -19"><span class='ocrx_word' id='word_1_44' title='bbox 243 1054 372 1110; x_wconf 83' lang='lat' dir='ltr'><strong>Munera</strong></span> <span class='ocrx_word' id='word_1_45' title='bbox 395 1059 506 1124; x_wconf 88' lang='lat' dir='ltr'><strong>nostra,</strong></span> <span class='ocrx_word' id='word_1_46' title='bbox 521 1071 697 1129; x_wconf 69' lang='lat' dir='ltr'><strong>quaesumus,</strong></span> <span class='ocrx_word' id='word_1_47' title='bbox 713 1051 849 1123; x_wconf 87' lang='lat' dir='ltr'><strong>Domine,</strong></span> <span class='ocrx_word' id='word_1_48' title='bbox 872 1051 1005 1127; x_wconf 83' lang='lat' dir='ltr'><strong>placatus</strong></span> <span class='ocrx_word' id='word_1_49' title='bbox 1029 1052 1162 1128; x_wconf 83' lang='lat' dir='ltr'><strong>admitte,</strong></span> <span class='ocrx_word' id='word_1_50' title='bbox 1186 1061 1217 1112; x_wconf 90' lang='lat' dir='ltr'><strong>et</strong></span> <span class='ocrx_word' id='word_1_51' title='bbox 1239 1054 1388 1114; x_wconf 83' lang='lat' dir='ltr'><strong>famulum</strong></span> 
     </span>
     <span class='ocr_line' id='line_1_10' title="bbox 182 1132 1353 1211; baseline 0 -17"><span class='ocrx_word' id='word_1_52' title='bbox 182 1144 269 1194; x_wconf 92' lang='lat' dir='ltr'><strong>tuum</strong></span> <span class='ocrx_word' id='word_1_53' title='bbox 283 1134 321 1191; x_wconf 87' lang='lat' dir='ltr'><strong>N.</strong></span> <span class='ocrx_word' id='word_1_54' title='bbox 339 1152 452 1209; x_wconf 85' lang='lat' dir='ltr'><strong>semper</strong></span> <span class='ocrx_word' id='word_1_55' title='bbox 465 1140 495 1190; x_wconf 92' lang='lat' dir='ltr'><strong>et</strong></span> <span class='ocrx_word' id='word_1_56' title='bbox 508 1134 618 1211; x_wconf 91' lang='lat' dir='ltr'><strong>ubique</strong></span> <span class='ocrx_word' id='word_1_57' title='bbox 631 1132 680 1189; x_wconf 91' lang='lat' dir='ltr'><strong>hic</strong></span> <span class='ocrx_word' id='word_1_58' title='bbox 693 1132 921 1191; x_wconf 78' lang='lat' dir='ltr'><strong>misericorditer</strong></span> <span class='ocrx_word' id='word_1_59' title='bbox 933 1139 1060 1210; x_wconf 86' lang='lat' dir='ltr'><strong>protege.</strong></span> <span class='ocrx_word' id='word_1_60' title='bbox 1104 1135 1163 1192; x_wconf 91' lang='lat' dir='ltr'><strong>Per</strong></span> <span class='ocrx_word' id='word_1_61' title='bbox 1177 1136 1353 1194; x_wconf 91' lang='lat' dir='ltr'><strong>Dominum.</strong></span> 
     </span>
     <span class='ocr_line' id='line_1_11' title="bbox 243 1214 484 1272; baseline -0.004 0"><span class='ocrx_word' id='word_1_62' title='bbox 243 1214 484 1272; x_wconf 83' lang='lat' dir='ltr'><strong>Postoommuaia</strong></span> 
     </span>
     <span class='ocr_line' id='line_1_12' title="bbox 244 1294 1385 1370; baseline 0.003 -18"><span class='ocrx_word' id='word_1_63' title='bbox 244 1296 319 1353; x_wconf 88' lang='lat' dir='ltr'><strong>Haec</strong></span> <span class='ocrx_word' id='word_1_64' title='bbox 332 1315 386 1352; x_wconf 92' lang='lat' dir='ltr'><strong>nos</strong></span> <span class='ocrx_word' id='word_1_65' title='bbox 400 1295 576 1368; x_wconf 89' lang='lat' dir='ltr'><strong>communio,</strong></span> <span class='ocrx_word' id='word_1_66' title='bbox 591 1295 728 1365; x_wconf 90' lang='lat' dir='ltr'><strong>Domine,</strong></span> <span class='ocrx_word' id='word_1_67' title='bbox 743 1300 850 1370; x_wconf 84' lang='lat' dir='ltr'><strong>purget</strong></span> <span class='ocrx_word' id='word_1_68' title='bbox 863 1315 882 1351; x_wconf 86' lang='lat' dir='ltr'><strong>a</strong></span> <span class='ocrx_word' id='word_1_69' title='bbox 894 1294 1025 1366; x_wconf 91' lang='lat' dir='ltr'><strong>crimine,</strong></span> <span class='ocrx_word' id='word_1_70' title='bbox 1040 1301 1071 1353; x_wconf 91' lang='lat' dir='ltr'><strong>et</strong></span> <span class='ocrx_word' id='word_1_71' title='bbox 1081 1295 1227 1354; x_wconf 87' lang='lat' dir='ltr'><strong>famulum</strong></span> <span class='ocrx_word' id='word_1_72' title='bbox 1240 1302 1332 1355; x_wconf 88' lang='lat' dir='ltr'><strong>tuum</strong></span> <span class='ocrx_word' id='word_1_73' title='bbox 1345 1296 1385 1355; x_wconf 83' lang='lat' dir='ltr'><strong>N.</strong></span> 
     </span>
     <span class='ocr_line' id='line_1_13' title="bbox 180 1375 1368 1452; baseline 0 -16"><span class='ocrx_word' id='word_1_74' title='bbox 180 1377 350 1437; x_wconf 84' lang='lat' dir='ltr'><strong>antistitem</strong></span> <span class='ocrx_word' id='word_1_75' title='bbox 363 1384 498 1433; x_wconf 88' lang='lat' dir='ltr'><strong>nostrum</strong></span> <span class='ocrx_word' id='word_1_76' title='bbox 511 1383 565 1434; x_wconf 88' lang='lat' dir='ltr'><strong>tua</strong></span> <span class='ocrx_word' id='word_1_77' title='bbox 578 1394 692 1452; x_wconf 88' lang='lat' dir='ltr'><strong>semper</strong></span> <span class='ocrx_word' id='word_1_78' title='bbox 705 1375 832 1451; x_wconf 87' lang='lat' dir='ltr'><strong>benigna</strong></span> <span class='ocrx_word' id='word_1_79' title='bbox 844 1375 955 1451; x_wconf 87' lang='lat' dir='ltr'><strong>pietate</strong></span> <span class='ocrx_word' id='word_1_80' title='bbox 969 1376 1091 1435; x_wconf 85' lang='lat' dir='ltr'><strong>custodi.</strong></span> <span class='ocrx_word' id='word_1_81' title='bbox 1121 1377 1180 1435; x_wconf 91' lang='lat' dir='ltr'><strong>Per</strong></span> <span class='ocrx_word' id='word_1_82' title='bbox 1190 1378 1368 1437; x_wconf 86' lang='lat' dir='ltr'><strong>Dominum.</strong></span> 
     </span>
    </p>
   </div>
   <div class='ocr_carea' id='block_1_4' title="bbox 186 1579 1394 2950">
    <p class='ocr_par' dir='ltr' id='par_1_4' title="bbox 692 1579 876 1637">
     <span class='ocr_line' id='line_1_14' title="bbox 692 1579 876 1637; baseline 0.005 -1"><span class='ocrx_word' id='word_1_83' title='bbox 692 1579 758 1637; x_wconf 86' lang='lat' dir='ltr'><strong>Pno</strong></span> <span class='ocrx_word' id='word_1_84' title='bbox 779 1579 876 1637; x_wconf 83' lang='lat' dir='ltr'><strong>Rnsn</strong></span> 
     </span>
    </p>

    <p class='ocr_par' dir='ltr' id='par_1_5' title="bbox 248 1662 356 1720">
     <span class='ocr_line' id='line_1_15' title="bbox 248 1662 356 1720; baseline 0 0"><span class='ocrx_word' id='word_1_85' title='bbox 248 1662 356 1720; x_wconf 79' lang='lat' dir='ltr'><strong>Oratio.</strong></span> 
     </span>
    </p>

    <p class='ocr_par' dir='ltr' id='par_1_6' title="bbox 186 1740 1394 2144">
     <span class='ocr_line' id='line_1_16' title="bbox 247 1740 1392 1823; baseline 0.005 -23"><span class='ocrx_word' id='word_1_86' title='bbox 247 1745 430 1814; x_wconf 75' lang='lat' dir='ltr'><strong>QiiaesumuS,</strong></span> <span class='ocrx_word' id='word_1_87' title='bbox 446 1741 630 1817; x_wconf 85' lang='lat' dir='ltr'><strong>omnipotens</strong></span> <span class='ocrx_word' id='word_1_88' title='bbox 651 1740 743 1813; x_wconf 90' lang='lat' dir='ltr'><strong>Deus,</strong></span> <span class='ocrx_word' id='word_1_89' title='bbox 757 1747 793 1798; x_wconf 92' lang='lat' dir='ltr'><strong>ut</strong></span> <span class='ocrx_word' id='word_1_90' title='bbox 815 1741 943 1798; x_wconf 82' lang='lat' dir='ltr'><strong>famulus</strong></span> <span class='ocrx_word' id='word_1_91' title='bbox 966 1747 1036 1800; x_wconf 90' lang='lat' dir='ltr'><strong>tuus</strong></span> <span class='ocrx_word' id='word_1_92' title='bbox 1057 1762 1112 1800; x_wconf 85' lang='lat' dir='ltr'><strong>rex</strong></span> <span class='ocrx_word' id='word_1_93' title='bbox 1134 1750 1247 1819; x_wconf 87' lang='lat' dir='ltr'><strong>noster,</strong></span> <span class='ocrx_word' id='word_1_94' title='bbox 1261 1746 1317 1823; x_wconf 90' lang='lat' dir='ltr'><strong>qui</strong></span> <span class='ocrx_word' id='word_1_95' title='bbox 1337 1752 1392 1805; x_wconf 81' lang='lat' dir='ltr'><strong>tua</strong></span> 
     </span>
     <span class='ocr_line' id='line_1_17' title="bbox 186 1822 1394 1905; baseline 0.003 -24"><span class='ocrx_word' id='word_1_96' title='bbox 186 1825 375 1882; x_wconf 88' lang='lat' dir='ltr'><strong>miseratione</strong></span> <span class='ocrx_word' id='word_1_97' title='bbox 399 1823 527 1898; x_wconf 84' lang='lat' dir='ltr'><strong>suscepit</strong></span> <span class='ocrx_word' id='word_1_98' title='bbox 549 1822 633 1898; x_wconf 89' lang='lat' dir='ltr'><strong>regni</strong></span> <span class='ocrx_word' id='word_1_99' title='bbox 656 1822 862 1898; x_wconf 86' lang='lat' dir='ltr'><strong>gubernacula,</strong></span> <span class='ocrx_word' id='word_1_100' title='bbox 884 1822 1032 1879; x_wconf 85' lang='lat' dir='ltr'><strong>virtutum</strong></span> <span class='ocrx_word' id='word_1_101' title='bbox 1055 1825 1145 1882; x_wconf 87' lang='lat' dir='ltr'><strong>etiam</strong></span> <span class='ocrx_word' id='word_1_102' title='bbox 1169 1828 1307 1884; x_wconf 90' lang='lat' dir='ltr'><strong>omnium</strong></span> <span class='ocrx_word' id='word_1_103' title='bbox 1330 1846 1394 1905; x_wconf 87' lang='lat' dir='ltr'><strong>per-</strong></span> 
     </span>
     <span class='ocr_line' id='line_1_18' title="bbox 186 1902 1392 1981; baseline 0.003 -19"><span class='ocrx_word' id='word_1_104' title='bbox 186 1906 277 1981; x_wconf 88' lang='lat' dir='ltr'><strong>cipiat</strong></span> <span class='ocrx_word' id='word_1_105' title='bbox 290 1905 470 1961; x_wconf 81' lang='lat' dir='ltr'><strong>incrementa</strong></span> <span class='ocrx_word' id='word_1_106' title='bbox 482 1923 491 1976; x_wconf 77' lang='lat'><em>3</em></span> <span class='ocrx_word' id='word_1_107' title='bbox 512 1904 619 1979; x_wconf 87' lang='lat' dir='ltr'><strong>quibus</strong></span> <span class='ocrx_word' id='word_1_108' title='bbox 632 1902 775 1960; x_wconf 83' lang='lat' dir='ltr'><strong>docentur</strong></span> <span class='ocrx_word' id='word_1_109' title='bbox 788 1909 917 1976; x_wconf 89' lang='lat' dir='ltr'><strong>ornatus,</strong></span> <span class='ocrx_word' id='word_1_110' title='bbox 930 1909 961 1960; x_wconf 92' lang='lat' dir='ltr'><strong>et</strong></span> <span class='ocrx_word' id='word_1_111' title='bbox 974 1904 1117 1962; x_wconf 86' lang='lat' dir='ltr'><strong>vitiorum</strong></span> <span class='ocrx_word' id='word_1_112' title='bbox 1126 1913 1263 1965; x_wconf 86' lang='lat' dir='ltr'><strong>monstra</strong></span> <span class='ocrx_word' id='word_1_113' title='bbox 1269 1908 1392 1979; x_wconf 82' lang='lat' dir='ltr'><strong>evitare,</strong></span> 
     </span>
     <span class='ocr_line' id='line_1_19' title="bbox 187 1983 1393 2063; baseline 0.005 -21"><span class='ocrx_word' id='word_1_114' title='bbox 187 1994 218 2043; x_wconf 88' lang='lat' dir='ltr'><strong>et</strong></span> <span class='ocrx_word' id='word_1_115' title='bbox 231 1986 346 2042; x_wconf 88' lang='lat' dir='ltr'><strong>hostem</strong></span> <span class='ocrx_word' id='word_1_116' title='bbox 360 2004 505 2059; x_wconf 87' lang='lat' dir='ltr'><strong>superare,</strong></span> <span class='ocrx_word' id='word_1_117' title='bbox 522 1989 552 2041; x_wconf 92' lang='lat' dir='ltr'><strong>et</strong></span> <span class='ocrx_word' id='word_1_118' title='bbox 572 1983 609 2040; x_wconf 91' lang='lat' dir='ltr'><strong>ad</strong></span> <span class='ocrx_word' id='word_1_119' title='bbox 627 1990 658 2040; x_wconf 91' lang='lat' dir='ltr'><strong>te</strong></span> <span class='ocrx_word' id='word_1_120' title='bbox 672 1984 724 2058; x_wconf 90' lang='lat' dir='ltr'><strong>qui</strong></span> <span class='ocrx_word' id='word_1_121' title='bbox 738 1984 795 2056; x_wconf 88' lang='lat' dir='ltr'><strong>via,</strong></span> <span class='ocrx_word' id='word_1_122' title='bbox 810 1983 882 2057; x_wconf 86' lang='lat' dir='ltr'><strong>vita,</strong></span> <span class='ocrx_word' id='word_1_123' title='bbox 903 1990 934 2042; x_wconf 92' lang='lat' dir='ltr'><strong>et</strong></span> <span class='ocrx_word' id='word_1_124' title='bbox 946 1986 1056 2043; x_wconf 84' lang='lat' dir='ltr'><strong>veritas</strong></span> <span class='ocrx_word' id='word_1_125' title='bbox 1076 2005 1115 2059; x_wconf 88' lang='lat' dir='ltr'><strong>es,</strong></span> <span class='ocrx_word' id='word_1_126' title='bbox 1130 1988 1280 2063; x_wconf 57' lang='lat' dir='ltr'><strong>matiosus</strong></span> <span class='ocrx_word' id='word_1_127' title='bbox 1292 1988 1393 2047; x_wconf 66' lang='lat' dir='ltr'><strong>valam</strong></span> 
     </span>
     <span class='ocr_line' id='line_1_20' title="bbox 187 2065 780 2144; baseline 0.002 -23"><span class='ocrx_word' id='word_1_128' title='bbox 187 2067 347 2144; x_wconf 86' lang='lat' dir='ltr'><strong>pervenire.</strong></span> <span class='ocrx_word' id='word_1_129' title='bbox 391 2065 448 2122; x_wconf 90' lang='lat' dir='ltr'><strong>Per</strong></span> <span class='ocrx_word' id='word_1_130' title='bbox 462 2065 625 2121; x_wconf 88' lang='lat' dir='ltr'><strong>Dominum</strong></span> <span class='ocrx_word' id='word_1_131' title='bbox 637 2070 780 2122; x_wconf 86' lang='lat' dir='ltr'><strong>nostrum.</strong></span> 
     </span>
    </p>

    <p class='ocr_par' dir='ltr' id='par_1_7' title="bbox 247 2146 367 2206">
     <span class='ocr_line' id='line_1_21' title="bbox 247 2146 367 2206; baseline 0.008 -1"><span class='ocrx_word' id='word_1_132' title='bbox 247 2146 367 2206; x_wconf 80' lang='lat' dir='ltr'><strong>Secreto.</strong></span> 
     </span>
    </p>

    <p class='ocr_par' dir='ltr' id='par_1_8' title="bbox 186 2225 1393 2551">
     <span class='ocr_line' id='line_1_22' title="bbox 249 2225 1393 2308; baseline 0.005 -24"><span class='ocrx_word' id='word_1_133' title='bbox 249 2228 386 2299; x_wconf 87' lang='lat' dir='ltr'><strong>Munera,</strong></span> <span class='ocrx_word' id='word_1_134' title='bbox 402 2245 575 2304; x_wconf 83' lang='lat' dir='ltr'><strong>quaesumus,</strong></span> <span class='ocrx_word' id='word_1_135' title='bbox 591 2225 728 2296; x_wconf 83' lang='lat' dir='ltr'><strong>Domine,</strong></span> <span class='ocrx_word' id='word_1_136' title='bbox 744 2226 843 2283; x_wconf 89' lang='lat' dir='ltr'><strong>oblata</strong></span> <span class='ocrx_word' id='word_1_137' title='bbox 856 2226 1005 2284; x_wconf 87' lang='lat' dir='ltr'><strong>sanctifica</strong></span> <span class='ocrx_word' id='word_1_138' title='bbox 1017 2249 1027 2301; x_wconf 77' lang='lat'><em>3</em></span> <span class='ocrx_word' id='word_1_139' title='bbox 1047 2234 1083 2286; x_wconf 89' lang='lat' dir='ltr'><strong>ut</strong></span> <span class='ocrx_word' id='word_1_140' title='bbox 1096 2233 1127 2286; x_wconf 90' lang='lat' dir='ltr'><strong>et</strong></span> <span class='ocrx_word' id='word_1_141' title='bbox 1139 2229 1227 2287; x_wconf 90' lang='lat' dir='ltr'><strong>nobis</strong></span> <span class='ocrx_word' id='word_1_142' title='bbox 1242 2230 1393 2308; x_wconf 86' lang='lat' dir='ltr'><strong>unigeniti</strong></span> 
     </span>
     <span class='ocr_line' id='line_1_23' title="bbox 188 2303 1390 2385; baseline 0.005 -20"><span class='ocrx_word' id='word_1_143' title='bbox 188 2309 234 2366; x_wconf 90' lang='lat' dir='ltr'><strong>tui</strong></span> <span class='ocrx_word' id='word_1_144' title='bbox 254 2328 359 2385; x_wconf 87' lang='lat' dir='ltr'><strong>corpus</strong></span> <span class='ocrx_word' id='word_1_145' title='bbox 379 2314 410 2365; x_wconf 90' lang='lat' dir='ltr'><strong>et</strong></span> <span class='ocrx_word' id='word_1_146' title='bbox 430 2308 548 2383; x_wconf 88' lang='lat' dir='ltr'><strong>sanguis</strong></span> <span class='ocrx_word' id='word_1_147' title='bbox 568 2307 651 2378; x_wconf 85' lang='lat' dir='ltr'><strong>fiant,</strong></span> <span class='ocrx_word' id='word_1_148' title='bbox 666 2313 696 2363; x_wconf 89' lang='lat' dir='ltr'><strong>et</strong></span> <span class='ocrx_word' id='word_1_149' title='bbox 716 2307 828 2364; x_wconf 87' lang='lat' dir='ltr'><strong>famulo</strong></span> <span class='ocrx_word' id='word_1_150' title='bbox 849 2303 902 2364; x_wconf 88' lang='lat' dir='ltr'><strong>tuo</strong></span> <span class='ocrx_word' id='word_1_151' title='bbox 926 2309 988 2384; x_wconf 87' lang='lat' dir='ltr'><strong>regi</strong></span> <span class='ocrx_word' id='word_1_152' title='bbox 1011 2315 1124 2381; x_wconf 89' lang='lat' dir='ltr'><strong>nostro,</strong></span> <span class='ocrx_word' id='word_1_153' title='bbox 1136 2311 1175 2368; x_wconf 90' lang='lat' dir='ltr'><strong>ad</strong></span> <span class='ocrx_word' id='word_1_154' title='bbox 1198 2312 1390 2371; x_wconf 76' lang='lat' dir='ltr'><strong>obtinendam</strong></span> 
     </span>
     <span class='ocr_line' id='line_1_24' title="bbox 186 2387 1392 2467; baseline 0.004 -21"><span class='ocrx_word' id='word_1_155' title='bbox 186 2391 294 2447; x_wconf 86' lang='lat' dir='ltr'><strong>animae</strong></span> <span class='ocrx_word' id='word_1_156' title='bbox 318 2389 503 2465; x_wconf 88' lang='lat' dir='ltr'><strong>corporisque</strong></span> <span class='ocrx_word' id='word_1_157' title='bbox 527 2387 652 2445; x_wconf 85' lang='lat' dir='ltr'><strong>salutem</strong></span> <span class='ocrx_word' id='word_1_158' title='bbox 677 2394 707 2445; x_wconf 90' lang='lat' dir='ltr'><strong>et</strong></span> <span class='ocrx_word' id='word_1_159' title='bbox 730 2388 768 2444; x_wconf 88' lang='lat' dir='ltr'><strong>ad</strong></span> <span class='ocrx_word' id='word_1_160' title='bbox 790 2389 987 2463; x_wconf 88' lang='lat' dir='ltr'><strong>peragendum</strong></span> <span class='ocrx_word' id='word_1_161' title='bbox 1010 2389 1181 2465; x_wconf 89' lang='lat' dir='ltr'><strong>injunctum</strong></span> <span class='ocrx_word' id='word_1_162' title='bbox 1200 2392 1343 2467; x_wconf 88' lang='lat' dir='ltr'><strong>officinm,</strong></span> <span class='ocrx_word' id='word_1_163' title='bbox 1362 2399 1392 2451; x_wconf 80' lang='lat' dir='ltr'><strong>te</strong></span> 
     </span>
     <span class='ocr_line' id='line_1_25' title="bbox 189 2468 1016 2551; baseline 0 -24"><span class='ocrx_word' id='word_1_164' title='bbox 189 2471 332 2548; x_wconf 84' lang='lat' dir='ltr'><strong>largiente</strong></span> <span class='ocrx_word' id='word_1_165' title='bbox 345 2489 554 2547; x_wconf 86' lang='lat' dir='ltr'><strong>usquequaque</strong></span> <span class='ocrx_word' id='word_1_166' title='bbox 567 2468 730 2551; x_wconf 75' lang='lat' dir='ltr'><strong>proficiant.</strong></span> <span class='ocrx_word' id='word_1_167' title='bbox 774 2469 833 2526; x_wconf 88' lang='lat' dir='ltr'><strong>Per</strong></span> <span class='ocrx_word' id='word_1_168' title='bbox 846 2469 1016 2528; x_wconf 78' lang='lat' dir='ltr'><strong>Dominum.</strong></span> 
     </span>
    </p>

    <p class='ocr_par' dir='ltr' id='par_1_9' title="bbox 250 2551 492 2609">
     <span class='ocr_line' id='line_1_26' title="bbox 250 2551 492 2609; baseline -0.008 0"><span class='ocrx_word' id='word_1_169' title='bbox 250 2551 492 2609; x_wconf 78' lang='lat' dir='ltr'><strong>Postcommuaio.</strong></span> 
     </span>
    </p>

    <p class='ocr_par' dir='ltr' id='par_1_10' title="bbox 189 2630 1394 2950">
     <span class='ocr_line' id='line_1_27' title="bbox 251 2630 1393 2709; baseline 0.004 -20"><span class='ocrx_word' id='word_1_170' title='bbox 251 2633 334 2705; x_wconf 83' lang='lat' dir='ltr'><strong>Haec,</strong></span> <span class='ocrx_word' id='word_1_171' title='bbox 350 2632 486 2704; x_wconf 90' lang='lat' dir='ltr'><strong>Domine,</strong></span> <span class='ocrx_word' id='word_1_172' title='bbox 505 2631 614 2688; x_wconf 88' lang='lat' dir='ltr'><strong>oblatio</strong></span> <span class='ocrx_word' id='word_1_173' title='bbox 638 2630 774 2688; x_wconf 83' lang='lat' dir='ltr'><strong>salutaris</strong></span> <span class='ocrx_word' id='word_1_174' title='bbox 797 2630 942 2688; x_wconf 82' lang='lat' dir='ltr'><strong>famulum</strong></span> <span class='ocrx_word' id='word_1_175' title='bbox 965 2636 1051 2689; x_wconf 91' lang='lat' dir='ltr'><strong>tuum</strong></span> <span class='ocrx_word' id='word_1_176' title='bbox 1075 2652 1174 2709; x_wconf 87' lang='lat' dir='ltr'><strong>regem</strong></span> <span class='ocrx_word' id='word_1_177' title='bbox 1196 2640 1337 2693; x_wconf 87' lang='lat' dir='ltr'><strong>nostrum</strong></span> <span class='ocrx_word' id='word_1_178' title='bbox 1355 2636 1393 2693; x_wconf 86' lang='lat' dir='ltr'><strong>ab</strong></span> 
     </span>
     <span class='ocr_line' id='line_1_28' title="bbox 189 2711 1394 2793; baseline 0.003 -22"><span class='ocrx_word' id='word_1_179' title='bbox 189 2715 334 2784; x_wconf 89' lang='lat' dir='ltr'><strong>omnibus,</strong></span> <span class='ocrx_word' id='word_1_180' title='bbox 360 2733 535 2790; x_wconf 85' lang='lat' dir='ltr'><strong>quaesumus,</strong></span> <span class='ocrx_word' id='word_1_181' title='bbox 559 2716 680 2769; x_wconf 90' lang='lat' dir='ltr'><strong>tueatur</strong></span> <span class='ocrx_word' id='word_1_182' title='bbox 703 2711 841 2782; x_wconf 89' lang='lat' dir='ltr'><strong>adversis,</strong></span> <span class='ocrx_word' id='word_1_183' title='bbox 866 2711 1007 2788; x_wconf 89' lang='lat' dir='ltr'><strong>quatinus</strong></span> <span class='ocrx_word' id='word_1_184' title='bbox 1033 2718 1064 2770; x_wconf 93' lang='lat' dir='ltr'><strong>et</strong></span> <span class='ocrx_word' id='word_1_185' title='bbox 1087 2714 1291 2774; x_wconf 73' lang='lat' dir='ltr'><strong>ecclesiasticae</strong></span> <span class='ocrx_word' id='word_1_186' title='bbox 1314 2717 1394 2793; x_wconf 79' lang='lat' dir='ltr'><strong>pacis</strong></span> 
     </span>
     <span class='ocr_line' id='line_1_29' title="bbox 190 2792 1394 2869; baseline 0.003 -18"><span class='ocrx_word' id='word_1_187' title='bbox 190 2796 324 2851; x_wconf 85' lang='lat' dir='ltr'><strong>obtineat</strong></span> <span class='ocrx_word' id='word_1_188' title='bbox 345 2793 601 2869; x_wconf 80' lang='lat' dir='ltr'><strong>tranquillitatem,</strong></span> <span class='ocrx_word' id='word_1_189' title='bbox 616 2798 647 2848; x_wconf 95' lang='lat' dir='ltr'><strong>et</strong></span> <span class='ocrx_word' id='word_1_190' title='bbox 666 2798 734 2867; x_wconf 86' lang='lat' dir='ltr'><strong>post</strong></span> <span class='ocrx_word' id='word_1_191' title='bbox 752 2792 839 2848; x_wconf 87' lang='lat' dir='ltr'><strong>istius</strong></span> <span class='ocrx_word' id='word_1_192' title='bbox 857 2793 997 2869; x_wconf 82' lang='lat' dir='ltr'><strong>temporis</strong></span> <span class='ocrx_word' id='word_1_193' title='bbox 1017 2794 1173 2852; x_wconf 89' lang='lat' dir='ltr'><strong>decursum</strong></span> <span class='ocrx_word' id='word_1_194' title='bbox 1192 2796 1233 2853; x_wconf 87' lang='lat' dir='ltr'><strong>ad</strong></span> <span class='ocrx_word' id='word_1_195' title='bbox 1252 2802 1394 2857; x_wconf 83' lang='lat' dir='ltr'><strong>aeternam</strong></span> 
     </span>
     <span class='ocr_line' id='line_1_30' title="bbox 192 2872 847 2950; baseline 0.002 -20"><span class='ocrx_word' id='word_1_196' title='bbox 192 2875 345 2950; x_wconf 87' lang='lat' dir='ltr'><strong>perveniat</strong></span> <span class='ocrx_word' id='word_1_197' title='bbox 358 2874 560 2932; x_wconf 86' lang='lat' dir='ltr'><strong>hereditatem.</strong></span> <span class='ocrx_word' id='word_1_198' title='bbox 604 2872 663 2930; x_wconf 88' lang='lat' dir='ltr'><strong>Per</strong></span> <span class='ocrx_word' id='word_1_199' title='bbox 676 2873 847 2931; x_wconf 81' lang='lat' dir='ltr'><strong>Dominiun.</strong></span> 
     </span>
    </p>
   </div>
   <div class='ocr_carea' id='block_1_5' title="bbox 192 3107 1398 4461">
    <p class='ocr_par' dir='ltr' id='par_1_11' title="bbox 539 3107 1047 3168">
     <span class='ocr_line' id='line_1_31' title="bbox 539 3107 1047 3168; baseline 0.008 -4"><span class='ocrx_word' id='word_1_200' title='bbox 539 3107 604 3164; x_wconf 86' lang='lat' dir='ltr'><strong>Pao</strong></span> <span class='ocrx_word' id='word_1_201' title='bbox 625 3107 872 3166; x_wconf 49' lang='lat' dir='ltr'><strong>,taoninrrsooro</strong></span> <span class='ocrx_word' id='word_1_202' title='bbox 893 3125 931 3166; x_wconf 87' lang='lat' dir='ltr'><strong>nr</strong></span> <span class='ocrx_word' id='word_1_203' title='bbox 952 3109 1047 3168; x_wconf 80' lang='lat' dir='ltr'><strong>Reor.</strong></span> 
     </span>
    </p>

    <p class='ocr_par' dir='ltr' id='par_1_12' title="bbox 256 3190 365 3249">
     <span class='ocr_line' id='line_1_32' title="bbox 256 3190 365 3249; baseline -0.018 0"><span class='ocrx_word' id='word_1_204' title='bbox 256 3190 365 3249; x_wconf 78' lang='lat' dir='ltr'><strong>Oratio.</strong></span> 
     </span>
    </p>

    <p class='ocr_par' dir='ltr' id='par_1_13' title="bbox 192 3268 1394 3589">
     <span class='ocr_line' id='line_1_33' title="bbox 254 3268 1393 3353; baseline 0.005 -24"><span class='ocrx_word' id='word_1_205' title='bbox 254 3272 345 3347; x_wconf 87' lang='lat' dir='ltr'><strong>Rege,</strong></span> <span class='ocrx_word' id='word_1_206' title='bbox 369 3290 545 3347; x_wconf 84' lang='lat' dir='ltr'><strong>quaesumus,</strong></span> <span class='ocrx_word' id='word_1_207' title='bbox 570 3268 706 3341; x_wconf 91' lang='lat' dir='ltr'><strong>Domine,</strong></span> <span class='ocrx_word' id='word_1_208' title='bbox 729 3269 854 3326; x_wconf 87' lang='lat' dir='ltr'><strong>famulos</strong></span> <span class='ocrx_word' id='word_1_209' title='bbox 875 3276 943 3327; x_wconf 86' lang='lat' dir='ltr'><strong>tuos</strong></span> <span class='ocrx_word' id='word_1_210' title='bbox 966 3271 1217 3350; x_wconf 88' lang='lat' dir='ltr'><strong>archiepiscopum</strong></span> <span class='ocrx_word' id='word_1_211' title='bbox 1241 3280 1273 3333; x_wconf 92' lang='lat' dir='ltr'><strong>et</strong></span> <span class='ocrx_word' id='word_1_212' title='bbox 1296 3294 1393 3353; x_wconf 82' lang='lat' dir='ltr'><strong>regem</strong></span> 
     </span>
     <span class='ocr_line' id='line_1_34' title="bbox 193 3350 1392 3429; baseline 0.005 -19"><span class='ocrx_word' id='word_1_213' title='bbox 193 3359 335 3419; x_wconf 86' lang='lat' dir='ltr'><strong>nostrum,</strong></span> <span class='ocrx_word' id='word_1_214' title='bbox 351 3359 381 3409; x_wconf 91' lang='lat' dir='ltr'><strong>et</strong></span> <span class='ocrx_word' id='word_1_215' title='bbox 395 3350 644 3408; x_wconf 89' lang='lat' dir='ltr'><strong>intercedentibus</strong></span> <span class='ocrx_word' id='word_1_216' title='bbox 658 3351 794 3407; x_wconf 89' lang='lat' dir='ltr'><strong>omnibus</strong></span> <span class='ocrx_word' id='word_1_217' title='bbox 808 3353 917 3408; x_wconf 87' lang='lat' dir='ltr'><strong>sanctis</strong></span> <span class='ocrx_word' id='word_1_218' title='bbox 930 3352 998 3425; x_wconf 85' lang='lat' dir='ltr'><strong>tuis,</strong></span> <span class='ocrx_word' id='word_1_219' title='bbox 1013 3354 1115 3429; x_wconf 80' lang='lat' dir='ltr'><strong>gratiae</strong></span> <span class='ocrx_word' id='word_1_220' title='bbox 1128 3359 1189 3411; x_wconf 80' lang='lat' dir='ltr'><strong>tuoe</strong></span> <span class='ocrx_word' id='word_1_221' title='bbox 1204 3355 1239 3413; x_wconf 92' lang='lat' dir='ltr'><strong>in</strong></span> <span class='ocrx_word' id='word_1_222' title='bbox 1259 3356 1304 3414; x_wconf 85' lang='lat' dir='ltr'><strong>eis</strong></span> <span class='ocrx_word' id='word_1_223' title='bbox 1317 3358 1392 3415; x_wconf 84' lang='lat' dir='ltr'><strong>dona</strong></span> 
     </span>
     <span class='ocr_line' id='line_1_35' title="bbox 194 3430 1394 3509; baseline 0.004 -18"><span class='ocrx_word' id='word_1_224' title='bbox 194 3433 368 3509; x_wconf 89' lang='lat' dir='ltr'><strong>multiplica,</strong></span> <span class='ocrx_word' id='word_1_225' title='bbox 379 3439 413 3489; x_wconf 90' lang='lat' dir='ltr'><strong>ut</strong></span> <span class='ocrx_word' id='word_1_226' title='bbox 428 3433 466 3488; x_wconf 89' lang='lat' dir='ltr'><strong>ab</strong></span> <span class='ocrx_word' id='word_1_227' title='bbox 477 3431 612 3488; x_wconf 90' lang='lat' dir='ltr'><strong>omnibus</strong></span> <span class='ocrx_word' id='word_1_228' title='bbox 622 3430 708 3487; x_wconf 91' lang='lat' dir='ltr'><strong>liberi</strong></span> <span class='ocrx_word' id='word_1_229' title='bbox 716 3430 842 3502; x_wconf 88' lang='lat' dir='ltr'><strong>offensis,</strong></span> <span class='ocrx_word' id='word_1_230' title='bbox 856 3438 886 3488; x_wconf 92' lang='lat' dir='ltr'><strong>et</strong></span> <span class='ocrx_word' id='word_1_231' title='bbox 899 3433 1108 3509; x_wconf 90' lang='lat' dir='ltr'><strong>temporalibus</strong></span> <span class='ocrx_word' id='word_1_232' title='bbox 1121 3453 1182 3492; x_wconf 89' lang='lat' dir='ltr'><strong>non</strong></span> <span class='ocrx_word' id='word_1_233' title='bbox 1192 3435 1394 3495; x_wconf 86' lang='lat' dir='ltr'><strong>destituantur</strong></span> 
     </span>
     <span class='ocr_line' id='line_1_36' title="bbox 192 3510 1180 3589; baseline 0.002 -18"><span class='ocrx_word' id='word_1_234' title='bbox 192 3514 323 3586; x_wconf 78' lang='lat' dir='ltr'><strong>auxiliiS,</strong></span> <span class='ocrx_word' id='word_1_235' title='bbox 339 3520 370 3570; x_wconf 91' lang='lat' dir='ltr'><strong>et</strong></span> <span class='ocrx_word' id='word_1_236' title='bbox 383 3512 566 3589; x_wconf 88' lang='lat' dir='ltr'><strong>sempiternis</strong></span> <span class='ocrx_word' id='word_1_237' title='bbox 580 3510 727 3589; x_wconf 84' lang='lat' dir='ltr'><strong>gaudeant</strong></span> <span class='ocrx_word' id='word_1_238' title='bbox 740 3512 893 3569; x_wconf 89' lang='lat' dir='ltr'><strong>institutis.</strong></span> <span class='ocrx_word' id='word_1_239' title='bbox 937 3513 995 3570; x_wconf 88' lang='lat' dir='ltr'><strong>Per</strong></span> <span class='ocrx_word' id='word_1_240' title='bbox 1009 3514 1180 3573; x_wconf 89' lang='lat' dir='ltr'><strong>Dominum.</strong></span> 
     </span>
    </p>

    <p class='ocr_par' dir='ltr' id='par_1_14' title="bbox 255 3595 373 3653">
     <span class='ocr_line' id='line_1_37' title="bbox 255 3595 373 3653; baseline -0.017 0"><span class='ocrx_word' id='word_1_241' title='bbox 255 3595 373 3653; x_wconf 79' lang='lat' dir='ltr'><strong>Secreta.</strong></span> 
     </span>
    </p>

    <p class='ocr_par' dir='ltr' id='par_1_15' title="bbox 194 3673 1395 4058">
     <span class='ocr_line' id='line_1_38' title="bbox 255 3673 1395 3751; baseline 0.005 -18"><span class='ocrx_word' id='word_1_242' title='bbox 255 3676 384 3751; x_wconf 82' lang='lat' dir='ltr'><strong>Suscipe,</strong></span> <span class='ocrx_word' id='word_1_243' title='bbox 406 3675 542 3747; x_wconf 86' lang='lat' dir='ltr'><strong>Domine,</strong></span> <span class='ocrx_word' id='word_1_244' title='bbox 566 3693 673 3730; x_wconf 90' lang='lat' dir='ltr'><strong>munus</strong></span> <span class='ocrx_word' id='word_1_245' title='bbox 693 3673 825 3730; x_wconf 90' lang='lat' dir='ltr'><strong>oblatum</strong></span> <span class='ocrx_word' id='word_1_246' title='bbox 847 3673 912 3746; x_wconf 86' lang='lat' dir='ltr'><strong>tibi,</strong></span> <span class='ocrx_word' id='word_1_247' title='bbox 934 3680 965 3731; x_wconf 93' lang='lat' dir='ltr'><strong>et</strong></span> <span class='ocrx_word' id='word_1_248' title='bbox 985 3674 1235 3737; x_wconf 87' lang='lat' dir='ltr'><strong>intercedentibus</strong></span> <span class='ocrx_word' id='word_1_249' title='bbox 1258 3680 1395 3739; x_wconf 69' lang='lat' dir='ltr'><strong>omnibus</strong></span> 
     </span>
     <span class='ocr_line' id='line_1_39' title="bbox 194 3754 1394 3839; baseline 0.004 -24"><span class='ocrx_word' id='word_1_250' title='bbox 194 3757 304 3815; x_wconf 88' lang='lat' dir='ltr'><strong>sanctis</strong></span> <span class='ocrx_word' id='word_1_251' title='bbox 326 3757 395 3826; x_wconf 92' lang='lat' dir='ltr'><strong>tuis,</strong></span> <span class='ocrx_word' id='word_1_252' title='bbox 411 3775 550 3812; x_wconf 85' lang='lat' dir='ltr'><strong>conserva</strong></span> <span class='ocrx_word' id='word_1_253' title='bbox 576 3754 701 3811; x_wconf 83' lang='lat' dir='ltr'><strong>famulos</strong></span> <span class='ocrx_word' id='word_1_254' title='bbox 724 3761 791 3811; x_wconf 92' lang='lat' dir='ltr'><strong>tuos</strong></span> <span class='ocrx_word' id='word_1_255' title='bbox 811 3754 850 3812; x_wconf 86' lang='lat' dir='ltr'><strong>N.</strong></span> <span class='ocrx_word' id='word_1_256' title='bbox 873 3760 903 3812; x_wconf 91' lang='lat' dir='ltr'><strong>et</strong></span> <span class='ocrx_word' id='word_1_257' title='bbox 923 3755 974 3828; x_wconf 73' lang='lat' dir='ltr'><strong>N,</strong></span> <span class='ocrx_word' id='word_1_258' title='bbox 988 3761 1077 3833; x_wconf 85' lang='lat' dir='ltr'><strong>atque</strong></span> <span class='ocrx_word' id='word_1_259' title='bbox 1098 3758 1136 3815; x_wconf 86' lang='lat' dir='ltr'><strong>ab</strong></span> <span class='ocrx_word' id='word_1_260' title='bbox 1159 3760 1300 3819; x_wconf 84' lang='lat' dir='ltr'><strong>omnibus</strong></span> <span class='ocrx_word' id='word_1_261' title='bbox 1322 3780 1394 3839; x_wconf 79' lang='lat' dir='ltr'><strong>quas</strong></span> 
     </span>
     <span class='ocr_line' id='line_1_40' title="bbox 196 3835 1395 3919; baseline 0.003 -23"><span class='ocrx_word' id='word_1_262' title='bbox 196 3844 347 3896; x_wconf 88' lang='lat' dir='ltr'><strong>merentur</strong></span> <span class='ocrx_word' id='word_1_263' title='bbox 369 3836 598 3893; x_wconf 81' lang='lat' dir='ltr'><strong>adversitatibus</strong></span> <span class='ocrx_word' id='word_1_264' title='bbox 621 3835 708 3892; x_wconf 90' lang='lat' dir='ltr'><strong>redde</strong></span> <span class='ocrx_word' id='word_1_265' title='bbox 735 3855 850 3892; x_wconf 87' lang='lat' dir='ltr'><strong>securos</strong></span> <span class='ocrx_word' id='word_1_266' title='bbox 862 3855 870 3906; x_wconf 80' lang='lat'>3</span> <span class='ocrx_word' id='word_1_267' title='bbox 901 3843 936 3893; x_wconf 89' lang='lat' dir='ltr'><strong>ut</strong></span> <span class='ocrx_word' id='word_1_268' title='bbox 959 3836 1176 3913; x_wconf 88' lang='lat' dir='ltr'><strong>tranquillitate</strong></span> <span class='ocrx_word' id='word_1_269' title='bbox 1199 3848 1340 3919; x_wconf 84' lang='lat' dir='ltr'><strong>percepta</strong></span> <span class='ocrx_word' id='word_1_270' title='bbox 1358 3842 1395 3901; x_wconf 78' lang='lat' dir='ltr'><strong>ab</strong></span> 
     </span>
     <span class='ocr_line' id='line_1_41' title="bbox 194 3915 1395 3992; baseline 0.004 -16"><span class='ocrx_word' id='word_1_271' title='bbox 194 3919 332 3976; x_wconf 85' lang='lat' dir='ltr'><strong>omnibus</strong></span> <span class='ocrx_word' id='word_1_272' title='bbox 353 3916 516 3974; x_wconf 86' lang='lat' dir='ltr'><strong>visibilium</strong></span> <span class='ocrx_word' id='word_1_273' title='bbox 540 3921 571 3973; x_wconf 89' lang='lat' dir='ltr'><strong>et</strong></span> <span class='ocrx_word' id='word_1_274' title='bbox 593 3916 787 3972; x_wconf 82' lang='lat' dir='ltr'><strong>invisibilium</strong></span> <span class='ocrx_word' id='word_1_275' title='bbox 810 3915 925 3974; x_wconf 88' lang='lat' dir='ltr'><strong>insidiis</strong></span> <span class='ocrx_word' id='word_1_276' title='bbox 943 3917 1067 3992; x_wconf 86' lang='lat' dir='ltr'><strong>liberati,</strong></span> <span class='ocrx_word' id='word_1_277' title='bbox 1091 3917 1199 3977; x_wconf 91' lang='lat' dir='ltr'><strong>devota</strong></span> <span class='ocrx_word' id='word_1_278' title='bbox 1218 3922 1277 3981; x_wconf 89' lang='lat' dir='ltr'><strong>tibi</strong></span> <span class='ocrx_word' id='word_1_279' title='bbox 1297 3928 1395 3983; x_wconf 90' lang='lat' dir='ltr'><strong>mente</strong></span> 
     </span>
     <span class='ocr_line' id='line_1_42' title="bbox 195 3997 658 4058; baseline -0.004 -2"><span class='ocrx_word' id='word_1_280' title='bbox 195 4000 372 4058; x_wconf 81' lang='lat' dir='ltr'><strong>deserviant.</strong></span> <span class='ocrx_word' id='word_1_281' title='bbox 416 3998 475 4054; x_wconf 87' lang='lat' dir='ltr'><strong>Per</strong></span> <span class='ocrx_word' id='word_1_282' title='bbox 488 3997 658 4054; x_wconf 88' lang='lat' dir='ltr'><strong>Dominum.</strong></span> 
     </span>
    </p>

    <p class='ocr_par' dir='ltr' id='par_1_16' title="bbox 257 4079 1199 4138">
     <span class='ocr_line' id='line_1_43' title="bbox 257 4079 1199 4138; baseline -0.001 -1"><span class='ocrx_word' id='word_1_283' title='bbox 257 4079 497 4138; x_wconf 79' lang='lat' dir='ltr'><strong>Poatcommaaio.</strong></span> <span class='ocrx_word' id='word_1_284' title='bbox 1196 4123 1199 4129; x_wconf 90' lang='lat'>.</span> 
     </span>
    </p>

    <p class='ocr_par' dir='ltr' id='par_1_17' title="bbox 197 4157 1398 4461">
     <span class='ocr_line' id='line_1_44' title="bbox 260 4157 1397 4245; baseline 0.005 -26"><span class='ocrx_word' id='word_1_285' title='bbox 260 4162 412 4237; x_wconf 84' lang='lat' dir='ltr'><strong>Subjeetos</strong></span> <span class='ocrx_word' id='word_1_286' title='bbox 426 4160 483 4216; x_wconf 91' lang='lat' dir='ltr'><strong>tibi</strong></span> <span class='ocrx_word' id='word_1_287' title='bbox 499 4158 624 4215; x_wconf 89' lang='lat' dir='ltr'><strong>famulos</strong></span> <span class='ocrx_word' id='word_1_288' title='bbox 638 4163 705 4214; x_wconf 90' lang='lat' dir='ltr'><strong>tuos</strong></span> <span class='ocrx_word' id='word_1_289' title='bbox 725 4157 973 4235; x_wconf 88' lang='lat' dir='ltr'><strong>archiepiscopum</strong></span> <span class='ocrx_word' id='word_1_290' title='bbox 993 4165 1024 4217; x_wconf 94' lang='lat' dir='ltr'><strong>et</strong></span> <span class='ocrx_word' id='word_1_291' title='bbox 1043 4180 1141 4237; x_wconf 88' lang='lat' dir='ltr'><strong>regem</strong></span> <span class='ocrx_word' id='word_1_292' title='bbox 1160 4168 1310 4239; x_wconf 78' lang='lat' dir='ltr'><strong>nostrum,</strong></span> <span class='ocrx_word' id='word_1_293' title='bbox 1323 4186 1397 4245; x_wconf 71' lang='lat' dir='ltr'><strong>qna·</strong></span> 
     </span>
     <span class='ocr_line' id='line_1_45' title="bbox 197 4239 1398 4318; baseline 0.007 -20"><span class='ocrx_word' id='word_1_294' title='bbox 197 4262 307 4312; x_wconf 82' lang='lat' dir='ltr'><strong>sumus,</strong></span> <span class='ocrx_word' id='word_1_295' title='bbox 320 4242 457 4310; x_wconf 90' lang='lat' dir='ltr'><strong>Domine,</strong></span> <span class='ocrx_word' id='word_1_296' title='bbox 465 4239 716 4297; x_wconf 89' lang='lat' dir='ltr'><strong>intercedentibus</strong></span> <span class='ocrx_word' id='word_1_297' title='bbox 729 4239 866 4297; x_wconf 92' lang='lat' dir='ltr'><strong>omnibus</strong></span> <span class='ocrx_word' id='word_1_298' title='bbox 886 4240 994 4299; x_wconf 91' lang='lat' dir='ltr'><strong>sanctis</strong></span> <span class='ocrx_word' id='word_1_299' title='bbox 1007 4241 1076 4315; x_wconf 88' lang='lat' dir='ltr'><strong>tuis,</strong></span> <span class='ocrx_word' id='word_1_300' title='bbox 1088 4244 1263 4318; x_wconf 88' lang='lat' dir='ltr'><strong>propitiatio</strong></span> <span class='ocrx_word' id='word_1_301' title='bbox 1275 4247 1398 4307; x_wconf 71' lang='lat' dir='ltr'><strong>caelestis</strong></span> 
     </span>
     <span class='ocr_line' id='line_1_46' title="bbox 197 4321 1398 4402; baseline 0.006 -24"><span class='ocrx_word' id='word_1_302' title='bbox 197 4324 364 4398; x_wconf 68' lang='lat' dir='ltr'><strong>simplificat,</strong></span> <span class='ocrx_word' id='word_1_303' title='bbox 379 4329 415 4379; x_wconf 89' lang='lat' dir='ltr'><strong>ut</strong></span> <span class='ocrx_word' id='word_1_304' title='bbox 443 4329 473 4378; x_wconf 91' lang='lat' dir='ltr'><strong>et</strong></span> <span class='ocrx_word' id='word_1_305' title='bbox 495 4321 646 4395; x_wconf 81' lang='lat' dir='ltr'><strong>praesentis</strong></span> <span class='ocrx_word' id='word_1_306' title='bbox 664 4321 733 4377; x_wconf 69' lang='lat' dir='ltr'><strong>vitu</strong></span> <span class='ocrx_word' id='word_1_307' title='bbox 755 4321 893 4396; x_wconf 86' lang='lat' dir='ltr'><strong>periculis</strong></span> <span class='ocrx_word' id='word_1_308' title='bbox 912 4328 1069 4397; x_wconf 85' lang='lat' dir='ltr'><strong>exuantur,</strong></span> <span class='ocrx_word' id='word_1_309' title='bbox 1091 4331 1122 4381; x_wconf 89' lang='lat' dir='ltr'><strong>ct</strong></span> <span class='ocrx_word' id='word_1_310' title='bbox 1142 4327 1296 4402; x_wconf 86' lang='lat' dir='ltr'><strong>perpetuis</strong></span> <span class='ocrx_word' id='word_1_311' title='bbox 1314 4328 1398 4387; x_wconf 83' lang='lat' dir='ltr'><strong>donis</strong></span> 
     </span>
     <span class='ocr_line' id='line_1_47' title="bbox 199 4401 645 4461; baseline 0 -3"><span class='ocrx_word' id='word_1_312' title='bbox 199 4407 360 4461; x_wconf 81' lang='lat' dir='ltr'><strong>firmentur.</strong></span> <span class='ocrx_word' id='word_1_313' title='bbox 404 4402 462 4461; x_wconf 90' lang='lat' dir='ltr'><strong>Per</strong></span> <span class='ocrx_word' id='word_1_314' title='bbox 475 4401 645 4460; x_wconf 90' lang='lat' dir='ltr'><strong>Dominum.</strong></span> 
     </span>
    </p>
   </div>
   <div class='ocr_carea' id='block_1_6' title="bbox 0 0 1477 4904">
    <p class='ocr_par' dir='ltr' id='par_1_18' title="bbox 0 0 1477 4904">
     <span class='ocr_line' id='line_1_48' title="bbox 0 0 1477 4904; baseline 0 0"><span class='ocrx_word' id='word_1_315' title='bbox 0 0 1477 4904; x_wconf 95' lang='lat' dir='ltr'><strong> </strong></span> 
     </span>
    </p>
   </div>
  </div>
 </body>
</html>
