2910 4904
619 884 716 980 ur.

373 1070 622 1233 'ursam
672 1124 922 1253 carrona,

129 1371 229 1434 Fron
251 1385 319 1432 run
341 1369 550 1433 Pourrrroru
572 1385 615 1432 or
637 1369 807 1445 Annuus
831 1369 961 1432 Brsnor
983 1383 1026 1432 or
1047 1368 1201 1447 Bessos,

553 1482 617 1532 A.D.
642 1469 725 1531 1268
736 1491 786 1529 :-
951 1465 954 1476 ’

154 1627 180 1685 1.
205 1623 393 1687 Benedictio
408 1623 624 1688 Candelarum
639 1622 674 1685 in
690 1622 918 1710 Purifioatione
933 1629 1044 1689 sancto
1055 1625 1176 1692 Mariae.

152 1729 180 1789 2.
204 1726 291 1792 Ordo
306 1728 347 1790 ad
362 1726 503 1791 dandam
518 1726 748 1791 Paenitentiam
762 1727 797 1788 in
813 1726 927 1812 Capite
941 1728 964 1792 J
965 1728 1073 1813 ejunii.

151 1831 182 1892 3.
206 1829 377 1894 Dominica
391 1831 426 1894 in
440 1831 569 1895 Palmis.
615 1830 803 1896 Benedictio
818 1831 1011 1898 Palmarum.

151 1937 180 1996 4.
203 1933 304 1998 Missa
322 1934 362 1999 de
378 1934 545 1998 Trinitate.
1082 1925 1085 1929 ⁴

251 2089 267 2114 ‚,
318 2038 358 2102 de
372 2036 491 2102 Sancto
506 2037 638 2123 Spiritu.
673 2068 675 2075 ¹
797 2067 799 2072 ¹

252 2193 267 2217 ‚‚
318 2142 358 2206 de
373 2141 484 2206 Cruce.

250 2296 266 2319 ,‚
318 2245 357 2308 de
372 2249 485 2308 sancta
499 2244 610 2308 Maria.

251 2399 266 2422 „
317 2347 357 2411 de
372 2352 484 2412 sancta
498 2347 602 2411 Maria
616 2348 651 2410 in
666 2347 831 2412 Adventu,

250 2500 265 2523 ,‚
316 2449 356 2512 de
379 2453 490 2512 sancta
512 2449 615 2513 Maria
637 2471 657 2513 a
676 2449 862 2514 Nativitate
882 2451 1015 2515 Domini
1034 2453 1077 2516 ad
1099 2453 1254 2522 Purifica-

407 2552 539 2615 tionem.

248 2706 265 2731 ‚‚
314 2676 373 2739 pro
384 2654 562 2719 Defunctis

247 2809 263 2834 „
315 2781 373 2843 pro
389 2758 561 2824 Sacerdote
576 2764 610 2824 et
624 2760 792 2847 Episcopo.

248 2913 264 2938 ‚,
315 2884 373 2946 pro
388 2860 485 2927 Patre
499 2867 534 2927 et
548 2863 661 2928 Matre.

248 3015 264 3039 ‚‚
315 2986 373 3049 pro
388 2966 481 3030 Vivis
497 2972 529 3031 et
546 2967 728 3032 Defunctis

147 3071 174 3131 5.
198 3067 416 3134 Praefationes.

147 3169 175 3232 6.
199 3166 311 3232 Canon
325 3169 442 3234 Missae.

145 3273 175 3341 7.
200 3271 288 3336 Ordo
303 3273 572 3338 Benedictionum
588 3275 829 3361 Episcopalium
844 3277 877 3340 in
894 3277 1001 3344 Fastis
1016 3279 1216 3349 Sanctorum.

147 3379 175 3439 8.
199 3375 240 3438 In
256 3375 350 3440 Beria
364 3376 465 3441 Sexta
477 3377 611 3442 Paschae
625 3379 668 3442 ad
683 3400 841 3464 vesperas,
855 3379 909 3444 vel
923 3380 1066 3450 sabbato
1082 3382 1209 3455 Sancte.

320 3479 510 3544 Benedictio
525 3481 610 3566 ignis
626 3503 667 3545 ex
682 3481 770 3546 silice
785 3484 920 3548 excussi.

146 3584 175 3647 9.
199 3584 241 3647 In
256 3570 343 3648 Cena
359 3584 493 3647 Domini

318 3686 806 3759 ReconciliatioPaenitentium.

125 3795 174 3857 10.
199 3792 300 3857 Missa
315 3794 354 3859 de
370 3794 488 3859 Sancto
502 3791 635 3879 Spiritu.

246 3949 262 3974 „
312 3919 370 3981 pro
386 3896 575 3982 Semetipso

245 4016 278 4078 ,,’
311 4020 370 4084 pro
386 4000 454 4064 Iter
468 3999 660 4086 Agentibur.
