<?xml version="1.0" encoding="UTF-8"?>
<!DOCTYPE html PUBLIC "-//W3C//DTD XHTML 1.0 Transitional//EN"
    "http://www.w3.org/TR/xhtml1/DTD/xhtml1-transitional.dtd">
<html xmlns="http://www.w3.org/1999/xhtml" xml:lang="en" lang="en">
 <head>
  <title>
</title>
<meta http-equiv="Content-Type" content="text/html;charset=utf-8" />
  <meta name='ocr-system' content='tesseract 3.04.00' />
  <meta name='ocr-capabilities' content='ocr_page ocr_carea ocr_par ocr_line ocrx_word'/>
</head>
<body>
  <div class='ocr_page' id='page_1' title='image "./missaleadusumin01churgoog_0137.png"; bbox 0 0 2910 4904; ppageno 0'>
   <div class='ocr_carea' id='block_1_1' title="bbox 222 294 981 396">
    <p class='ocr_par' dir='ltr' id='par_1_1' title="bbox 222 294 981 396">
     <span class='ocr_line' id='line_1_1' title="bbox 222 294 981 396; baseline -0.003 -20"><span class='ocrx_word' id='word_1_1' title='bbox 222 294 297 376; x_wconf 80' lang='lat'>108&#39;</span> <span class='ocrx_word' id='word_1_2' title='bbox 658 311 754 376; x_wconf 77' lang='lat' dir='ltr'>Festa</span> <span class='ocrx_word' id='word_1_3' title='bbox 775 309 981 396; x_wconf 68' lang='lat' dir='ltr'><strong><em>Septembris,</em></strong></span> 
     </span>
    </p>
   </div>
   <div class='ocr_carea' id='block_1_2' title="bbox 318 552 1331 632">
    <p class='ocr_par' dir='ltr' id='par_1_2' title="bbox 318 552 1331 632">
     <span class='ocr_line' id='line_1_2' title="bbox 318 552 1331 632; baseline -0.001 -19"><span class='ocrx_word' id='word_1_4' title='bbox 318 555 504 614; x_wconf 83' lang='lat' dir='ltr'>Sauoronun</span> <span class='ocrx_word' id='word_1_5' title='bbox 524 571 695 613; x_wconf 73' lang='lat' dir='ltr'>nearrnuu</span> <span class='ocrx_word' id='word_1_6' title='bbox 717 555 827 612; x_wconf 76' lang='lat' dir='ltr'>Oosna</span> <span class='ocrx_word' id='word_1_7' title='bbox 849 570 886 611; x_wconf 83' lang='lat' dir='ltr'>nr</span> <span class='ocrx_word' id='word_1_8' title='bbox 907 552 1058 610; x_wconf 71' lang='lat' dir='ltr'>Damam.</span> <span class='ocrx_word' id='word_1_9' title='bbox 1103 552 1144 630; x_wconf 78' lang='lat' dir='ltr'>(v.</span> <span class='ocrx_word' id='word_1_10' title='bbox 1160 553 1232 611; x_wconf 86' lang='lat' dir='ltr'>Kal.</span> <span class='ocrx_word' id='word_1_11' title='bbox 1248 552 1331 632; x_wconf 80' lang='lat' dir='ltr'>Oct)</span> 
     </span>
    </p>
   </div>
   <div class='ocr_carea' id='block_1_3' title="bbox 222 709 1422 2321">
    <p class='ocr_par' dir='ltr' id='par_1_3' title="bbox 284 709 844 786">
     <span class='ocr_line' id='line_1_3' title="bbox 284 709 844 786; baseline -0.002 -19"><span class='ocrx_word' id='word_1_12' title='bbox 284 709 422 784; x_wconf 80' lang='lat' dir='ltr'>Officium.</span> <span class='ocrx_word' id='word_1_13' title='bbox 467 709 649 786; x_wconf 73' lang='lat' dir='ltr'>Sapientiam</span> <span class='ocrx_word' id='word_1_14' title='bbox 669 715 844 766; x_wconf 87' lang='lat' dir='ltr'>sanctorum.</span> 
     </span>
    </p>

    <p class='ocr_par' dir='ltr' id='par_1_4' title="bbox 285 791 393 848">
     <span class='ocr_line' id='line_1_4' title="bbox 285 791 393 848; baseline 0.009 -1"><span class='ocrx_word' id='word_1_15' title='bbox 285 791 393 848; x_wconf 80' lang='lat' dir='ltr'>Oratio.</span> 
     </span>
    </p>

    <p class='ocr_par' dir='ltr' id='par_1_5' title="bbox 222 870 1419 1091">
     <span class='ocr_line' id='line_1_5' title="bbox 282 870 1417 948; baseline 0.001 -20"><span class='ocrx_word' id='word_1_16' title='bbox 282 871 403 942; x_wconf 82' lang='lat' dir='ltr'>Praesta,</span> <span class='ocrx_word' id='word_1_17' title='bbox 431 891 606 948; x_wconf 83' lang='lat' dir='ltr'>quaesumus,</span> <span class='ocrx_word' id='word_1_18' title='bbox 634 870 819 947; x_wconf 89' lang='lat' dir='ltr'>omnipotens</span> <span class='ocrx_word' id='word_1_19' title='bbox 847 870 937 940; x_wconf 85' lang='lat' dir='ltr'>Deus,</span> <span class='ocrx_word' id='word_1_20' title='bbox 965 876 1001 926; x_wconf 90' lang='lat' dir='ltr'>ut</span> <span class='ocrx_word' id='word_1_21' title='bbox 1025 870 1077 946; x_wconf 91' lang='lat' dir='ltr'>qui</span> <span class='ocrx_word' id='word_1_22' title='bbox 1103 875 1274 928; x_wconf 83' lang='lat' dir='ltr'>sanctorum</span> <span class='ocrx_word' id='word_1_23' title='bbox 1303 876 1417 929; x_wconf 84' lang='lat' dir='ltr'>tuorum</span> 
     </span>
     <span class='ocr_line' id='line_1_6' title="bbox 222 951 1419 1022; baseline -0.001 -12"><span class='ocrx_word' id='word_1_24' title='bbox 222 952 334 1010; x_wconf 80' lang='lat' dir='ltr'>Cosmae</span> <span class='ocrx_word' id='word_1_25' title='bbox 359 959 389 1009; x_wconf 87' lang='lat' dir='ltr'>et</span> <span class='ocrx_word' id='word_1_26' title='bbox 413 953 554 1009; x_wconf 84' lang='lat' dir='ltr'>Damiani</span> <span class='ocrx_word' id='word_1_27' title='bbox 577 952 715 1008; x_wconf 88' lang='lat' dir='ltr'>natalitia</span> <span class='ocrx_word' id='word_1_28' title='bbox 743 951 873 1022; x_wconf 88' lang='lat' dir='ltr'>colimus,</span> <span class='ocrx_word' id='word_1_29' title='bbox 903 972 920 1007; x_wconf 91' lang='lat' dir='ltr'>a</span> <span class='ocrx_word' id='word_1_30' title='bbox 942 953 1056 1008; x_wconf 86' lang='lat' dir='ltr'>cunctis</span> <span class='ocrx_word' id='word_1_31' title='bbox 1083 951 1170 1008; x_wconf 88' lang='lat' dir='ltr'>malis</span> <span class='ocrx_word' id='word_1_32' title='bbox 1193 951 1419 1010; x_wconf 72' lang='lat' dir='ltr'><strong>imminentibus</strong></span> 
     </span>
     <span class='ocr_line' id='line_1_7' title="bbox 222 1032 1061 1091; baseline -0.002 -1"><span class='ocrx_word' id='word_1_33' title='bbox 222 1052 323 1090; x_wconf 82' lang='lat' dir='ltr'>eornm</span> <span class='ocrx_word' id='word_1_34' title='bbox 337 1033 595 1091; x_wconf 73' lang='lat' dir='ltr'>intercessionibus</span> <span class='ocrx_word' id='word_1_35' title='bbox 608 1033 775 1090; x_wconf 86' lang='lat' dir='ltr'>liberemur.</span> <span class='ocrx_word' id='word_1_36' title='bbox 819 1032 878 1089; x_wconf 89' lang='lat' dir='ltr'>Per</span> <span class='ocrx_word' id='word_1_37' title='bbox 888 1032 1061 1089; x_wconf 88' lang='lat' dir='ltr'>Dominum.</span> 
     </span>
    </p>

    <p class='ocr_par' dir='ltr' id='par_1_6' title="bbox 284 1114 425 1189">
     <span class='ocr_line' id='line_1_8' title="bbox 284 1114 425 1189; baseline 0.007 -19"><span class='ocrx_word' id='word_1_38' title='bbox 284 1114 400 1189; x_wconf 75' lang='lat' dir='ltr'>Epistol</span> <span class='ocrx_word' id='word_1_39' title='bbox 419 1158 425 1171; x_wconf 95' lang='lat'>.</span> 
     </span>
    </p>

    <p class='ocr_par' dir='ltr' id='par_1_7' title="bbox 223 1192 1418 1353">
     <span class='ocr_line' id='line_1_9' title="bbox 282 1192 1418 1270; baseline -0.001 -18"><span class='ocrx_word' id='word_1_40' title='bbox 282 1195 460 1252; x_wconf 74' lang='lat' dir='ltr'>Benedictus</span> <span class='ocrx_word' id='word_1_41' title='bbox 474 1196 556 1252; x_wconf 89' lang='lat' dir='ltr'>Deus</span> <span class='ocrx_word' id='word_1_42' title='bbox 570 1201 600 1252; x_wconf 89' lang='lat' dir='ltr'>et</span> <span class='ocrx_word' id='word_1_43' title='bbox 613 1194 705 1251; x_wconf 89' lang='lat' dir='ltr'>Pater</span> <span class='ocrx_word' id='word_1_44' title='bbox 718 1192 842 1250; x_wconf 85' lang='lat' dir='ltr'>Domini</span> <span class='ocrx_word' id='word_1_45' title='bbox 855 1193 951 1250; x_wconf 88' lang='lat' dir='ltr'>nostri</span> <span class='ocrx_word' id='word_1_46' title='bbox 964 1193 985 1250; x_wconf 89' lang='lat' dir='ltr'><strong>J</strong></span> <span class='ocrx_word' id='word_1_47' title='bbox 988 1212 1039 1250; x_wconf 88' lang='lat' dir='ltr'>esu</span> <span class='ocrx_word' id='word_1_48' title='bbox 1053 1192 1175 1266; x_wconf 74' lang='lat' dir='ltr'>christi,</span> <span class='ocrx_word' id='word_1_49' title='bbox 1191 1194 1245 1270; x_wconf 90' lang='lat' dir='ltr'>qni</span> <span class='ocrx_word' id='word_1_50' title='bbox 1258 1194 1418 1253; x_wconf 75' lang='lat' dir='ltr'>secumdum</span> 
     </span>
     <span class='ocr_line' id='line_1_10' title="bbox 223 1295 368 1353; baseline -0.007 -19"><span class='ocrx_word' id='word_1_51' title='bbox 223 1295 368 1353; x_wconf 87' lang='lat' dir='ltr'>magnam.</span> 
     </span>
    </p>

    <p class='ocr_par' dir='ltr' id='par_1_8' title="bbox 286 1356 774 1433">
     <span class='ocr_line' id='line_1_11' title="bbox 286 1356 774 1433; baseline -0.006 -19"><span class='ocrx_word' id='word_1_52' title='bbox 286 1356 418 1415; x_wconf 76' lang='lat' dir='ltr'>Gradcle.</span> <span class='ocrx_word' id='word_1_53' title='bbox 463 1357 538 1414; x_wconf 85' lang='lat' dir='ltr'>Ecce</span> <span class='ocrx_word' id='word_1_54' title='bbox 552 1376 641 1433; x_wconf 89' lang='lat' dir='ltr'>quam</span> <span class='ocrx_word' id='word_1_55' title='bbox 654 1357 774 1412; x_wconf 91' lang='lat' dir='ltr'>bonum.</span> 
     </span>
    </p>

    <p class='ocr_par' dir='ltr' id='par_1_9' title="bbox 281 1435 861 1514">
     <span class='ocr_line' id='line_1_12' title="bbox 281 1435 861 1514; baseline -0.003 -20"><span class='ocrx_word' id='word_1_56' title='bbox 281 1438 430 1514; x_wconf 79' lang='lat' dir='ltr'>Alleluya</span> <span class='ocrx_word' id='word_1_57' title='bbox 480 1438 508 1496; x_wconf 77' lang='lat' dir='ltr'>V.</span> <span class='ocrx_word' id='word_1_58' title='bbox 532 1437 634 1495; x_wconf 80' lang='lat' dir='ltr'>Sancti</span> <span class='ocrx_word' id='word_1_59' title='bbox 653 1438 709 1507; x_wconf 87' lang='lat' dir='ltr'>tui,</span> <span class='ocrx_word' id='word_1_60' title='bbox 724 1435 861 1493; x_wconf 90' lang='lat' dir='ltr'>Domine.</span> 
     </span>
    </p>

    <p class='ocr_par' dir='ltr' id='par_1_10' title="bbox 283 1515 1204 1593">
     <span class='ocr_line' id='line_1_13' title="bbox 283 1515 1204 1593; baseline 0 -18"><span class='ocrx_word' id='word_1_61' title='bbox 283 1519 485 1593; x_wconf 72' lang='lat' dir='ltr'>Eucrrpciiam.</span> <span class='ocrx_word' id='word_1_62' title='bbox 529 1519 603 1576; x_wconf 84' lang='lat' dir='ltr'>Haec</span> <span class='ocrx_word' id='word_1_63' title='bbox 617 1517 733 1588; x_wconf 90' lang='lat' dir='ltr'>mando,</span> <span class='ocrx_word' id='word_1_64' title='bbox 748 1518 782 1574; x_wconf 79' lang='lat' dir='ltr'>ia</span> <span class='ocrx_word' id='word_1_65' title='bbox 797 1515 1060 1575; x_wconf 69' lang='lat' dir='ltr'>Communicamus</span> <span class='ocrx_word' id='word_1_66' title='bbox 1073 1515 1204 1592; x_wconf 78' lang='lat' dir='ltr'>apostoli.</span> 
     </span>
    </p>

    <p class='ocr_par' dir='ltr' id='par_1_11' title="bbox 285 1598 747 1672">
     <span class='ocr_line' id='line_1_14' title="bbox 285 1598 747 1672; baseline -0.004 -16"><span class='ocrx_word' id='word_1_67' title='bbox 285 1598 477 1672; x_wconf 79' lang='lat' dir='ltr'>Offcrtoriam.</span> <span class='ocrx_word' id='word_1_68' title='bbox 522 1599 747 1657; x_wconf 81' lang='lat' dir='ltr'>Gloriabuntur.</span> 
     </span>
    </p>

    <p class='ocr_par' dir='ltr' id='par_1_12' title="bbox 284 1680 404 1738">
     <span class='ocr_line' id='line_1_15' title="bbox 284 1680 404 1738; baseline -0.008 0"><span class='ocrx_word' id='word_1_69' title='bbox 284 1680 404 1738; x_wconf 75' lang='lat' dir='ltr'>Secreto.</span> 
     </span>
    </p>

    <p class='ocr_par' dir='ltr' id='par_1_13' title="bbox 223 1759 1420 1982">
     <span class='ocr_line' id='line_1_16' title="bbox 283 1759 1420 1837; baseline -0.001 -19"><span class='ocrx_word' id='word_1_70' title='bbox 283 1762 459 1818; x_wconf 83' lang='lat' dir='ltr'>Sanctorum</span> <span class='ocrx_word' id='word_1_71' title='bbox 482 1767 602 1818; x_wconf 86' lang='lat' dir='ltr'>tuorum</span> <span class='ocrx_word' id='word_1_72' title='bbox 625 1761 718 1831; x_wconf 89' lang='lat' dir='ltr'>nobis,</span> <span class='ocrx_word' id='word_1_73' title='bbox 743 1759 880 1830; x_wconf 87' lang='lat' dir='ltr'>Domine,</span> <span class='ocrx_word' id='word_1_74' title='bbox 904 1759 954 1834; x_wconf 90' lang='lat' dir='ltr'>pia</span> <span class='ocrx_word' id='word_1_75' title='bbox 975 1777 1036 1816; x_wconf 95' lang='lat' dir='ltr'>non</span> <span class='ocrx_word' id='word_1_76' title='bbox 1060 1759 1137 1816; x_wconf 87' lang='lat' dir='ltr'>desit</span> <span class='ocrx_word' id='word_1_77' title='bbox 1164 1759 1272 1832; x_wconf 88' lang='lat' dir='ltr'>oratio,</span> <span class='ocrx_word' id='word_1_78' title='bbox 1300 1779 1368 1837; x_wconf 77' lang='lat' dir='ltr'>qum</span> <span class='ocrx_word' id='word_1_79' title='bbox 1390 1766 1420 1819; x_wconf 78' lang='lat' dir='ltr'>et</span> 
     </span>
     <span class='ocr_line' id='line_1_17' title="bbox 223 1840 1420 1917; baseline -0.001 -17"><span class='ocrx_word' id='word_1_80' title='bbox 223 1861 346 1900; x_wconf 89' lang='lat' dir='ltr'>munera</span> <span class='ocrx_word' id='word_1_81' title='bbox 367 1848 470 1898; x_wconf 88' lang='lat' dir='ltr'>nostra</span> <span class='ocrx_word' id='word_1_82' title='bbox 491 1843 634 1913; x_wconf 86' lang='lat' dir='ltr'>conciliet,</span> <span class='ocrx_word' id='word_1_83' title='bbox 651 1848 680 1898; x_wconf 89' lang='lat' dir='ltr'>et</span> <span class='ocrx_word' id='word_1_84' title='bbox 701 1848 786 1898; x_wconf 90' lang='lat' dir='ltr'>tuam</span> <span class='ocrx_word' id='word_1_85' title='bbox 807 1840 893 1896; x_wconf 90' lang='lat' dir='ltr'>nobis</span> <span class='ocrx_word' id='word_1_86' title='bbox 913 1840 1131 1916; x_wconf 82' lang='lat' dir='ltr'>indulgentiam</span> <span class='ocrx_word' id='word_1_87' title='bbox 1152 1859 1271 1917; x_wconf 87' lang='lat' dir='ltr'>semper</span> <span class='ocrx_word' id='word_1_88' title='bbox 1280 1842 1420 1901; x_wconf 86' lang='lat' dir='ltr'>obtineat.</span> 
     </span>
     <span class='ocr_line' id='line_1_18' title="bbox 225 1923 467 1982; baseline -0.017 0"><span class='ocrx_word' id='word_1_89' title='bbox 225 1923 283 1982; x_wconf 87' lang='lat' dir='ltr'>Per</span> <span class='ocrx_word' id='word_1_90' title='bbox 297 1923 467 1980; x_wconf 92' lang='lat' dir='ltr'>Dominum.</span> 
     </span>
    </p>

    <p class='ocr_par' dir='ltr' id='par_1_14' title="bbox 287 2001 803 2061">
     <span class='ocr_line' id='line_1_19' title="bbox 287 2001 803 2061; baseline -0.002 0"><span class='ocrx_word' id='word_1_91' title='bbox 287 2001 467 2061; x_wconf 72' lang='lat' dir='ltr'>Continentia</span> <span class='ocrx_word' id='word_1_92' title='bbox 510 2003 586 2061; x_wconf 89' lang='lat' dir='ltr'>Dico</span> <span class='ocrx_word' id='word_1_93' title='bbox 599 2009 699 2061; x_wconf 90' lang='lat' dir='ltr'>autem</span> <span class='ocrx_word' id='word_1_94' title='bbox 712 2003 803 2060; x_wconf 89' lang='lat' dir='ltr'>vobis.</span> 
     </span>
    </p>

    <p class='ocr_par' dir='ltr' id='par_1_15' title="bbox 285 2084 528 2142">
     <span class='ocr_line' id='line_1_20' title="bbox 285 2084 528 2142; baseline 0.004 -2"><span class='ocrx_word' id='word_1_95' title='bbox 285 2084 528 2142; x_wconf 79' lang='lat' dir='ltr'>Postcommuaio.</span> 
     </span>
    </p>

    <p class='ocr_par' dir='ltr' id='par_1_16' title="bbox 224 2162 1422 2321">
     <span class='ocr_line' id='line_1_21' title="bbox 285 2162 1422 2241; baseline 0 -19"><span class='ocrx_word' id='word_1_96' title='bbox 285 2164 435 2240; x_wconf 84' lang='lat' dir='ltr'>Protegat,</span> <span class='ocrx_word' id='word_1_97' title='bbox 451 2184 627 2241; x_wconf 85' lang='lat' dir='ltr'>quaesumus,</span> <span class='ocrx_word' id='word_1_98' title='bbox 643 2165 780 2235; x_wconf 88' lang='lat' dir='ltr'>Domine,</span> <span class='ocrx_word' id='word_1_99' title='bbox 791 2163 933 2240; x_wconf 92' lang='lat' dir='ltr'>populum</span> <span class='ocrx_word' id='word_1_100' title='bbox 942 2169 1039 2236; x_wconf 88' lang='lat' dir='ltr'>tuum,</span> <span class='ocrx_word' id='word_1_101' title='bbox 1052 2169 1082 2220; x_wconf 87' lang='lat' dir='ltr'>et</span> <span class='ocrx_word' id='word_1_102' title='bbox 1096 2162 1287 2239; x_wconf 85' lang='lat' dir='ltr'>participatio</span> <span class='ocrx_word' id='word_1_103' title='bbox 1300 2162 1422 2223; x_wconf 68' lang='lat' dir='ltr'>ccelesiis</span> 
     </span>
     <span class='ocr_line' id='line_1_22' title="bbox 224 2244 1307 2321; baseline 0 -17"><span class='ocrx_word' id='word_1_104' title='bbox 224 2246 342 2304; x_wconf 89' lang='lat' dir='ltr'>indulta</span> <span class='ocrx_word' id='word_1_105' title='bbox 355 2247 486 2303; x_wconf 84' lang='lat' dir='ltr'>convivii</span> <span class='ocrx_word' id='word_1_106' title='bbox 499 2252 530 2303; x_wconf 87' lang='lat' dir='ltr'>et</span> <span class='ocrx_word' id='word_1_107' title='bbox 543 2246 708 2321; x_wconf 82' lang='lat' dir='ltr'>deprecatio</span> <span class='ocrx_word' id='word_1_108' title='bbox 722 2245 829 2303; x_wconf 85' lang='lat' dir='ltr'>collata</span> <span class='ocrx_word' id='word_1_109' title='bbox 843 2252 1018 2303; x_wconf 86' lang='lat' dir='ltr'>sanctorum.</span> <span class='ocrx_word' id='word_1_110' title='bbox 1062 2244 1120 2302; x_wconf 90' lang='lat' dir='ltr'>Per</span> <span class='ocrx_word' id='word_1_111' title='bbox 1133 2244 1307 2304; x_wconf 87' lang='lat' dir='ltr'>Dominum.</span> 
     </span>
    </p>
   </div>
   <div class='ocr_carea' id='block_1_4' title="bbox 287 2524 1241 2735">
    <p class='ocr_par' dir='ltr' id='par_1_17' title="bbox 287 2524 1241 2735">
     <span class='ocr_line' id='line_1_23' title="bbox 407 2524 1241 2605; baseline -0.001 -20"><span class='ocrx_word' id='word_1_112' title='bbox 407 2528 519 2585; x_wconf 76' lang='lat' dir='ltr'>Saucrr</span> <span class='ocrx_word' id='word_1_113' title='bbox 541 2527 729 2598; x_wconf 75' lang='lat' dir='ltr'>Mronamm,</span> <span class='ocrx_word' id='word_1_114' title='bbox 750 2541 956 2585; x_wconf 67' lang='lat' dir='ltr'>saonensem.</span> <span class='ocrx_word' id='word_1_115' title='bbox 1000 2526 1054 2604; x_wconf 86' lang='lat' dir='ltr'>(iii.</span> <span class='ocrx_word' id='word_1_116' title='bbox 1071 2525 1141 2583; x_wconf 87' lang='lat' dir='ltr'>Kal.</span> <span class='ocrx_word' id='word_1_117' title='bbox 1157 2524 1241 2605; x_wconf 87' lang='lat' dir='ltr'>Oct.)</span> 
     </span>
     <span class='ocr_line' id='line_1_24' title="bbox 287 2661 426 2735; baseline -0.014 -17"><span class='ocrx_word' id='word_1_118' title='bbox 287 2661 426 2735; x_wconf 71' lang='lat' dir='ltr'>Officiaci.</span> 
     </span>
    </p>
   </div>
   <div class='ocr_carea' id='block_1_5' title="bbox 210 2738 1454 4516">
    <p class='ocr_par' dir='ltr' id='par_1_18' title="bbox 226 2738 1421 2897">
     <span class='ocr_line' id='line_1_25' title="bbox 286 2738 1421 2817; baseline 0 -18"><span class='ocrx_word' id='word_1_119' title='bbox 286 2742 458 2800; x_wconf 90' lang='lat' dir='ltr'>Benedicite</span> <span class='ocrx_word' id='word_1_120' title='bbox 472 2740 644 2811; x_wconf 90' lang='lat' dir='ltr'>Dominum,</span> <span class='ocrx_word' id='word_1_121' title='bbox 659 2759 759 2796; x_wconf 89' lang='lat' dir='ltr'>omncs</span> <span class='ocrx_word' id='word_1_122' title='bbox 774 2738 872 2815; x_wconf 83' lang='lat' dir='ltr'>angeli</span> <span class='ocrx_word' id='word_1_123' title='bbox 886 2739 957 2814; x_wconf 88' lang='lat' dir='ltr'>ejus,</span> <span class='ocrx_word' id='word_1_124' title='bbox 972 2745 1108 2814; x_wconf 87' lang='lat' dir='ltr'>potentes</span> <span class='ocrx_word' id='word_1_125' title='bbox 1121 2739 1244 2813; x_wconf 81' lang='lat' dir='ltr'>virtute,</span> <span class='ocrx_word' id='word_1_126' title='bbox 1260 2740 1313 2817; x_wconf 89' lang='lat' dir='ltr'>qui</span> <span class='ocrx_word' id='word_1_127' title='bbox 1326 2740 1421 2799; x_wconf 80' lang='lat' dir='ltr'>facitis</span> 
     </span>
     <span class='ocr_line' id='line_1_26' title="bbox 226 2821 1058 2897; baseline 0.001 -17"><span class='ocrx_word' id='word_1_128' title='bbox 226 2825 350 2880; x_wconf 88' lang='lat' dir='ltr'>verbum</span> <span class='ocrx_word' id='word_1_129' title='bbox 363 2823 435 2897; x_wconf 75' lang='lat' dir='ltr'>eJ&#39;uS,</span> <span class='ocrx_word' id='word_1_130' title='bbox 450 2823 488 2878; x_wconf 86' lang='lat' dir='ltr'>ad</span> <span class='ocrx_word' id='word_1_131' title='bbox 501 2821 676 2878; x_wconf 90' lang='lat' dir='ltr'>audiendam</span> <span class='ocrx_word' id='word_1_132' title='bbox 690 2840 791 2878; x_wconf 89' lang='lat' dir='ltr'>vocem</span> <span class='ocrx_word' id='word_1_133' title='bbox 805 2839 973 2878; x_wconf 89' lang='lat' dir='ltr'>sermonum</span> <span class='ocrx_word' id='word_1_134' title='bbox 987 2821 1058 2896; x_wconf 87' lang='lat' dir='ltr'>ejus.</span> 
     </span>
    </p>

    <p class='ocr_par' dir='ltr' id='par_1_19' title="bbox 287 2904 432 2960">
     <span class='ocr_line' id='line_1_27' title="bbox 287 2904 432 2960; baseline 0.007 -1"><span class='ocrx_word' id='word_1_135' title='bbox 287 2904 432 2960; x_wconf 78' lang='lat' dir='ltr'>Fecimus.</span> 
     </span>
    </p>

    <p class='ocr_par' dir='ltr' id='par_1_20' title="bbox 227 2981 1421 3140">
     <span class='ocr_line' id='line_1_28' title="bbox 285 2981 1421 3057; baseline 0.003 -17"><span class='ocrx_word' id='word_1_136' title='bbox 285 2984 414 3040; x_wconf 86' lang='lat' dir='ltr'>Benedic</span> <span class='ocrx_word' id='word_1_137' title='bbox 437 2983 536 3040; x_wconf 89' lang='lat' dir='ltr'>anima</span> <span class='ocrx_word' id='word_1_138' title='bbox 554 3002 619 3039; x_wconf 92' lang='lat' dir='ltr'>mea</span> <span class='ocrx_word' id='word_1_139' title='bbox 640 2983 779 3055; x_wconf 93' lang='lat' dir='ltr'>Domino,</span> <span class='ocrx_word' id='word_1_140' title='bbox 795 2988 825 3040; x_wconf 85' lang='lat' dir='ltr'>et</span> <span class='ocrx_word' id='word_1_141' title='bbox 839 2981 938 3039; x_wconf 88' lang='lat' dir='ltr'>omnia</span> <span class='ocrx_word' id='word_1_142' title='bbox 960 3001 1025 3057; x_wconf 87' lang='lat' dir='ltr'>quae</span> <span class='ocrx_word' id='word_1_143' title='bbox 1045 2981 1126 3039; x_wconf 86' lang='lat' dir='ltr'>intra</span> <span class='ocrx_word' id='word_1_144' title='bbox 1145 3001 1194 3040; x_wconf 90' lang='lat' dir='ltr'>mc</span> <span class='ocrx_word' id='word_1_145' title='bbox 1211 2987 1292 3057; x_wconf 86' lang='lat' dir='ltr'>sunt,</span> <span class='ocrx_word' id='word_1_146' title='bbox 1307 2982 1421 3043; x_wconf 86' lang='lat' dir='ltr'>nomini</span> 
     </span>
     <span class='ocr_line' id='line_1_29' title="bbox 227 3065 413 3140; baseline 0 -17"><span class='ocrx_word' id='word_1_147' title='bbox 227 3071 328 3123; x_wconf 85' lang='lat' dir='ltr'>sancto</span> <span class='ocrx_word' id='word_1_148' title='bbox 342 3065 413 3140; x_wconf 89' lang='lat' dir='ltr'>ejus.</span> 
     </span>
    </p>

    <p class='ocr_par' dir='ltr' id='par_1_21' title="bbox 289 3144 398 3202">
     <span class='ocr_line' id='line_1_30' title="bbox 289 3144 398 3202; baseline 0 0"><span class='ocrx_word' id='word_1_149' title='bbox 289 3144 398 3202; x_wconf 79' lang='lat' dir='ltr'>Oratio.</span> 
     </span>
    </p>

    <p class='ocr_par' dir='ltr' id='par_1_22' title="bbox 225 3223 1421 3460">
     <span class='ocr_line' id='line_1_31' title="bbox 286 3223 1420 3303; baseline 0.002 -20"><span class='ocrx_word' id='word_1_150' title='bbox 286 3226 376 3296; x_wconf 90' lang='lat' dir='ltr'>Deus,</span> <span class='ocrx_word' id='word_1_151' title='bbox 400 3225 506 3301; x_wconf 89' lang='lat' dir='ltr'>quiin</span> <span class='ocrx_word' id='word_1_152' title='bbox 527 3224 601 3281; x_wconf 90' lang='lat' dir='ltr'>miro</span> <span class='ocrx_word' id='word_1_153' title='bbox 624 3225 725 3282; x_wconf 87' lang='lat' dir='ltr'>ordine</span> <span class='ocrx_word' id='word_1_154' title='bbox 746 3224 916 3301; x_wconf 85' lang='lat' dir='ltr'>angelorum</span> <span class='ocrx_word' id='word_1_155' title='bbox 938 3223 1104 3281; x_wconf 86' lang='lat' dir='ltr'>ministeria</span> <span class='ocrx_word' id='word_1_156' title='bbox 1130 3224 1345 3303; x_wconf 84' lang='lat' dir='ltr'>hominumque</span> <span class='ocrx_word' id='word_1_157' title='bbox 1366 3224 1420 3285; x_wconf 85' lang='lat' dir='ltr'>dis·</span> 
     </span>
     <span class='ocr_line' id='line_1_32' title="bbox 225 3305 1421 3385; baseline 0.002 -22"><span class='ocrx_word' id='word_1_158' title='bbox 225 3327 339 3384; x_wconf 87' lang='lat' dir='ltr'>pensas,</span> <span class='ocrx_word' id='word_1_159' title='bbox 355 3306 479 3364; x_wconf 88' lang='lat' dir='ltr'>concede</span> <span class='ocrx_word' id='word_1_160' title='bbox 491 3306 644 3382; x_wconf 90' lang='lat' dir='ltr'>propitius,</span> <span class='ocrx_word' id='word_1_161' title='bbox 658 3312 694 3362; x_wconf 90' lang='lat' dir='ltr'>ut</span> <span class='ocrx_word' id='word_1_162' title='bbox 707 3306 814 3381; x_wconf 89' lang='lat' dir='ltr'>quibus</span> <span class='ocrx_word' id='word_1_163' title='bbox 832 3307 889 3361; x_wconf 92' lang='lat' dir='ltr'>tibi</span> <span class='ocrx_word' id='word_1_164' title='bbox 908 3305 1147 3362; x_wconf 84' lang='lat' dir='ltr'>ministrantibus</span> <span class='ocrx_word' id='word_1_165' title='bbox 1163 3305 1197 3361; x_wconf 92' lang='lat' dir='ltr'>in</span> <span class='ocrx_word' id='word_1_166' title='bbox 1218 3306 1289 3363; x_wconf 82' lang='lat' dir='ltr'>caelo</span> <span class='ocrx_word' id='word_1_167' title='bbox 1309 3322 1421 3385; x_wconf 79' lang='lat' dir='ltr'>semper</span> 
     </span>
     <span class='ocr_line' id='line_1_33' title="bbox 228 3385 1287 3460; baseline -0.001 -15"><span class='ocrx_word' id='word_1_168' title='bbox 228 3389 384 3460; x_wconf 84' lang='lat' dir='ltr'>assistitur,</span> <span class='ocrx_word' id='word_1_169' title='bbox 399 3389 436 3444; x_wconf 91' lang='lat' dir='ltr'>ab</span> <span class='ocrx_word' id='word_1_170' title='bbox 449 3387 496 3444; x_wconf 90' lang='lat' dir='ltr'>his</span> <span class='ocrx_word' id='word_1_171' title='bbox 509 3387 540 3442; x_wconf 89' lang='lat' dir='ltr'>in</span> <span class='ocrx_word' id='word_1_172' title='bbox 555 3393 635 3443; x_wconf 86' lang='lat' dir='ltr'>terra</span> <span class='ocrx_word' id='word_1_173' title='bbox 648 3387 712 3443; x_wconf 88' lang='lat' dir='ltr'>vita</span> <span class='ocrx_word' id='word_1_174' title='bbox 724 3392 827 3443; x_wconf 87' lang='lat' dir='ltr'>nostra</span> <span class='ocrx_word' id='word_1_175' title='bbox 840 3386 1000 3444; x_wconf 87' lang='lat' dir='ltr'>muniatur.</span> <span class='ocrx_word' id='word_1_176' title='bbox 1043 3385 1101 3443; x_wconf 88' lang='lat' dir='ltr'>Per</span> <span class='ocrx_word' id='word_1_177' title='bbox 1115 3385 1287 3444; x_wconf 89' lang='lat' dir='ltr'>Dominum.</span> 
     </span>
    </p>

    <p class='ocr_par' dir='ltr' id='par_1_23' title="bbox 287 3465 1204 3544">
     <span class='ocr_line' id='line_1_34' title="bbox 287 3465 1204 3544; baseline 0 -19"><span class='ocrx_word' id='word_1_178' title='bbox 287 3469 382 3526; x_wconf 80' lang='lat' dir='ltr'>Lectio</span> <span class='ocrx_word' id='word_1_179' title='bbox 396 3468 465 3525; x_wconf 80' lang='lat' dir='ltr'>libri</span> <span class='ocrx_word' id='word_1_180' title='bbox 477 3467 668 3543; x_wconf 74' lang='lat' dir='ltr'>Apocalypsis</span> <span class='ocrx_word' id='word_1_181' title='bbox 683 3467 757 3524; x_wconf 81' lang='lat' dir='ltr'>beati</span> <span class='ocrx_word' id='word_1_182' title='bbox 770 3465 794 3522; x_wconf 86' lang='lat' dir='ltr'><strong><em>J</em></strong></span> <span class='ocrx_word' id='word_1_183' title='bbox 794 3466 919 3525; x_wconf 72' lang='lat' dir='ltr'>obstruis</span> <span class='ocrx_word' id='word_1_184' title='bbox 931 3465 1063 3542; x_wconf 79' lang='lat' dir='ltr'>Apostoli</span> <span class='ocrx_word' id='word_1_185' title='bbox 1076 3467 1113 3541; x_wconf 85' lang='lat' dir='ltr'>(i.</span> <span class='ocrx_word' id='word_1_186' title='bbox 1132 3467 1204 3544; x_wconf 82' lang='grc'><strong><em>1-5)</em></strong></span> 
     </span>
    </p>

    <p class='ocr_par' dir='ltr' id='par_1_24' title="bbox 210 3546 1420 3706">
     <span class='ocr_line' id='line_1_35' title="bbox 210 3546 1420 3625; baseline 0.001 -19"><span class='ocrx_word' id='word_1_187' title='bbox 210 3586 216 3595; x_wconf 88' lang='lat'><em>-</em></span> <span class='ocrx_word' id='word_1_188' title='bbox 288 3550 327 3606; x_wconf 92' lang='lat' dir='ltr'>In</span> <span class='ocrx_word' id='word_1_189' title='bbox 341 3549 444 3606; x_wconf 88' lang='lat' dir='ltr'>diebus</span> <span class='ocrx_word' id='word_1_190' title='bbox 457 3549 526 3621; x_wconf 88' lang='lat' dir='ltr'>illis,</span> <span class='ocrx_word' id='word_1_191' title='bbox 547 3549 731 3625; x_wconf 85' lang='lat' dir='ltr'>Significavit</span> <span class='ocrx_word' id='word_1_192' title='bbox 745 3548 832 3605; x_wconf 76' lang='lat' dir='ltr'>&#39;Deus</span> <span class='ocrx_word' id='word_1_193' title='bbox 849 3568 915 3623; x_wconf 87' lang='lat' dir='ltr'>quae</span> <span class='ocrx_word' id='word_1_194' title='bbox 929 3553 1045 3624; x_wconf 87' lang='lat' dir='ltr'>oportet</span> <span class='ocrx_word' id='word_1_195' title='bbox 1062 3546 1128 3605; x_wconf 89' lang='lat' dir='ltr'>fieri</span> <span class='ocrx_word' id='word_1_196' title='bbox 1143 3568 1236 3623; x_wconf 79' lang='lat' dir='ltr'>aeque</span> <span class='ocrx_word' id='word_1_197' title='bbox 1252 3548 1294 3607; x_wconf 80' lang='lat' dir='ltr'>ad</span> <span class='ocrx_word' id='word_1_198' title='bbox 1312 3549 1347 3607; x_wconf 92' lang='lat' dir='ltr'>in</span> <span class='ocrx_word' id='word_1_199' title='bbox 1358 3566 1420 3607; x_wconf 81' lang='lat' dir='ltr'>sau·</span> 
     </span>
     <span class='ocr_line' id='line_1_36' title="bbox 227 3650 391 3706; baseline 0.018 -20"><span class='ocrx_word' id='word_1_200' title='bbox 227 3650 316 3706; x_wconf 71' lang='lat' dir='ltr'>grune</span> <span class='ocrx_word' id='word_1_201' title='bbox 330 3650 391 3689; x_wconf 86' lang='lat' dir='ltr'>suo.</span> 
     </span>
    </p>

    <p class='ocr_par' dir='ltr' id='par_1_25' title="bbox 289 3711 423 3768">
     <span class='ocr_line' id='line_1_37' title="bbox 289 3711 423 3768; baseline 0 0"><span class='ocrx_word' id='word_1_202' title='bbox 289 3711 423 3768; x_wconf 62' lang='lat' dir='ltr'>Gratidio.</span> 
     </span>
    </p>

    <p class='ocr_par' dir='ltr' id='par_1_26' title="bbox 228 3788 1454 4111">
     <span class='ocr_line' id='line_1_38' title="bbox 287 3788 1418 3869; baseline 0.001 -21"><span class='ocrx_word' id='word_1_203' title='bbox 287 3792 459 3849; x_wconf 88' lang='lat' dir='ltr'>Benedicite</span> <span class='ocrx_word' id='word_1_204' title='bbox 473 3792 644 3862; x_wconf 89' lang='lat' dir='ltr'>Dominum,</span> <span class='ocrx_word' id='word_1_205' title='bbox 659 3810 759 3848; x_wconf 87' lang='lat' dir='ltr'>omnes</span> <span class='ocrx_word' id='word_1_206' title='bbox 777 3791 875 3868; x_wconf 89' lang='lat' dir='ltr'>angeli</span> <span class='ocrx_word' id='word_1_207' title='bbox 888 3792 951 3867; x_wconf 88' lang='lat' dir='ltr'>ejus</span> <span class='ocrx_word' id='word_1_208' title='bbox 970 3796 1106 3867; x_wconf 83' lang='lat' dir='ltr'>potentes</span> <span class='ocrx_word' id='word_1_209' title='bbox 1119 3789 1243 3863; x_wconf 86' lang='lat' dir='ltr'>virtute,</span> <span class='ocrx_word' id='word_1_210' title='bbox 1258 3790 1312 3869; x_wconf 89' lang='lat' dir='ltr'>qui</span> <span class='ocrx_word' id='word_1_211' title='bbox 1327 3788 1418 3851; x_wconf 75' lang='lat' dir='ltr'>fucitis</span> 
     </span>
     <span class='ocr_line' id='line_1_39' title="bbox 228 3875 1454 3949; baseline -0.001 -20"><span class='ocrx_word' id='word_1_212' title='bbox 228 3875 352 3930; x_wconf 75' lang='lat' dir='ltr'>verbum</span> <span class='ocrx_word' id='word_1_213' title='bbox 366 3875 438 3949; x_wconf 80' lang='lat' dir='ltr'>ejus</span> <span class='ocrx_word' id='word_1_214' title='bbox 1234 3890 1238 3895; x_wconf 87' lang='grc'><strong>’</strong></span> <span class='ocrx_word' id='word_1_215' title='bbox 1453 3883 1454 3886; x_wconf 78' lang='grc'>’</span> 
     </span>
     <span class='ocr_line' id='line_1_40' title="bbox 233 3952 1451 4026; baseline -0.001 -14"><span class='ocrx_word' id='word_1_216' title='bbox 233 3956 262 4012; x_wconf 73' lang='lat'>1⁷.</span> <span class='ocrx_word' id='word_1_217' title='bbox 285 3955 414 4012; x_wconf 91' lang='lat' dir='ltr'>Benedic</span> <span class='ocrx_word' id='word_1_218' title='bbox 424 3955 524 4011; x_wconf 87' lang='lat' dir='ltr'>anima</span> <span class='ocrx_word' id='word_1_219' title='bbox 534 3972 609 4026; x_wconf 88' lang='lat' dir='ltr'>mea,</span> <span class='ocrx_word' id='word_1_220' title='bbox 618 3952 765 4010; x_wconf 90' lang='lat' dir='ltr'>Domino:</span> <span class='ocrx_word' id='word_1_221' title='bbox 784 3959 814 4011; x_wconf 90' lang='lat' dir='ltr'>et</span> <span class='ocrx_word' id='word_1_222' title='bbox 825 3953 925 4010; x_wconf 87' lang='lat' dir='ltr'>omnia</span> <span class='ocrx_word' id='word_1_223' title='bbox 934 3952 1077 4010; x_wconf 81' lang='lat' dir='ltr'>interiora</span> <span class='ocrx_word' id='word_1_224' title='bbox 1085 3971 1151 4010; x_wconf 90' lang='lat' dir='ltr'>mea</span> <span class='ocrx_word' id='word_1_225' title='bbox 1158 3971 1277 4011; x_wconf 85' lang='lat' dir='ltr'>nomam</span> <span class='ocrx_word' id='word_1_226' title='bbox 1287 3958 1415 4011; x_wconf 83' lang='lat' dir='ltr'>sanctum</span> <span class='ocrx_word' id='word_1_227' title='bbox 1447 3996 1451 4003; x_wconf 86' lang='lat'>-</span> 
     </span>
     <span class='ocr_line' id='line_1_41' title="bbox 228 4056 298 4111; baseline 0.029 -19"><span class='ocrx_word' id='word_1_228' title='bbox 228 4056 298 4111; x_wconf 64' lang='lat' dir='ltr'>epus.</span> 
     </span>
    </p>

    <p class='ocr_par' dir='ltr' id='par_1_27' title="bbox 228 4112 1414 4255">
     <span class='ocr_line' id='line_1_42' title="bbox 287 4112 1414 4193; baseline 0 -20"><span class='ocrx_word' id='word_1_229' title='bbox 287 4116 437 4193; x_wconf 87' lang='lat' dir='ltr'>Alleluya.</span> <span class='ocrx_word' id='word_1_230' title='bbox 486 4115 515 4174; x_wconf 81' lang='lat' dir='ltr'>V.</span> <span class='ocrx_word' id='word_1_231' title='bbox 541 4115 580 4171; x_wconf 91' lang='lat' dir='ltr'>In</span> <span class='ocrx_word' id='word_1_232' title='bbox 599 4121 755 4190; x_wconf 89' lang='lat' dir='ltr'>conspectu</span> <span class='ocrx_word' id='word_1_233' title='bbox 774 4115 946 4192; x_wconf 87' lang='lat' dir='ltr'>angelorum</span> <span class='ocrx_word' id='word_1_234' title='bbox 967 4113 1091 4192; x_wconf 85' lang='lat' dir='ltr'>psallam</span> <span class='ocrx_word' id='word_1_235' title='bbox 1111 4113 1177 4188; x_wconf 84' lang='lat' dir='ltr'>tibi,</span> <span class='ocrx_word' id='word_1_236' title='bbox 1193 4113 1323 4173; x_wconf 87' lang='lat' dir='ltr'>Domine</span> <span class='ocrx_word' id='word_1_237' title='bbox 1342 4112 1414 4173; x_wconf 65' lang='grc' dir='ltr'>ΒΜ</span> 
     </span>
     <span class='ocr_line' id='line_1_43' title="bbox 228 4219 317 4255; baseline 0 0"><span class='ocrx_word' id='word_1_238' title='bbox 228 4219 317 4255; x_wconf 90' lang='lat' dir='ltr'>meus.</span> 
     </span>
    </p>

    <p class='ocr_par' dir='ltr' id='par_1_28' title="bbox 288 4278 449 4354">
     <span class='ocr_line' id='line_1_44' title="bbox 288 4278 449 4354; baseline -0.025 -16"><span class='ocrx_word' id='word_1_239' title='bbox 288 4278 449 4354; x_wconf 76' lang='lat' dir='ltr'>Sequentia.</span> 
     </span>
    </p>

    <p class='ocr_par' dir='ltr' id='par_1_29' title="bbox 348 4356 1014 4516">
     <span class='ocr_line' id='line_1_45' title="bbox 352 4356 972 4427; baseline -0.005 -10"><span class='ocrx_word' id='word_1_240' title='bbox 352 4360 401 4416; x_wconf 88' lang='lat' dir='ltr'>Ad</span> <span class='ocrx_word' id='word_1_241' title='bbox 415 4358 550 4427; x_wconf 73' lang='lat' dir='ltr'>celebres</span> <span class='ocrx_word' id='word_1_242' title='bbox 564 4377 618 4414; x_wconf 88' lang='lat' dir='ltr'>rex</span> <span class='ocrx_word' id='word_1_243' title='bbox 632 4356 735 4426; x_wconf 88' lang='lat' dir='ltr'>caelice,</span> <span class='ocrx_word' id='word_1_244' title='bbox 750 4356 851 4414; x_wconf 87' lang='lat' dir='ltr'>laudes</span> <span class='ocrx_word' id='word_1_245' title='bbox 864 4362 972 4415; x_wconf 85' lang='lat' dir='ltr'>cuncta</span> 
     </span>
     <span class='ocr_line' id='line_1_46' title="bbox 348 4438 1014 4516; baseline 0 -20"><span class='ocrx_word' id='word_1_246' title='bbox 348 4440 465 4516; x_wconf 86' lang='lat' dir='ltr'>Pangat</span> <span class='ocrx_word' id='word_1_247' title='bbox 478 4458 558 4496; x_wconf 90' lang='lat' dir='ltr'>nuno</span> <span class='ocrx_word' id='word_1_248' title='bbox 571 4458 677 4496; x_wconf 88' lang='lat' dir='ltr'>canora</span> <span class='ocrx_word' id='word_1_249' title='bbox 691 4444 807 4495; x_wconf 83' lang='lat' dir='ltr'>caterva</span> <span class='ocrx_word' id='word_1_250' title='bbox 820 4438 995 4515; x_wconf 86' lang='lat' dir='ltr'>symphonia</span> <span class='ocrx_word' id='word_1_251' title='bbox 1006 4458 1014 4509; x_wconf 81' lang='lat'>3</span> 
     </span>
    </p>
   </div>
   <div class='ocr_carea' id='block_1_6' title="bbox 0 0 1467 4904">
    <p class='ocr_par' dir='ltr' id='par_1_30' title="bbox 0 0 1467 4904">
     <span class='ocr_line' id='line_1_47' title="bbox 0 0 1467 4904; baseline 0 0"><span class='ocrx_word' id='word_1_252' title='bbox 0 0 1467 4904; x_wconf 95' lang='lat' dir='ltr'> </span> 
     </span>
    </p>
   </div>
  </div>
 </body>
</html>
