2910 4904
685 297 782 362 Festa
802 296 907 361 Jalii.

389 522 516 583 Sauara
536 523 655 581 Marum
678 523 895 582 Maeuianum.
939 520 990 600 (xi.
1013 521 1082 579 Kal.
1105 519 1199 599 Aug.)

257 617 397 692 Officium.

255 698 442 758 Gaudeamus
459 720 559 758 omnes
572 701 605 757 in
623 701 753 759 Domino
776 700 854 758 diem
876 700 984 757 festum
1006 699 1185 757 celebrantes
1207 698 1264 756 sub
1285 697 1397 756 honore

193 779 298 837 Mariae
312 780 515 858 Magdalenae3
535 783 573 840 de
589 784 673 859 cujus
691 781 888 839 sollemnitate
906 781 1037 858 gaudent
1053 780 1158 857 angeli,
1177 785 1208 837 et
1224 779 1396 838 collaudant

195 861 308 919 Filium
328 861 393 920 Dei.

257 941 403 1000 Psalmas.

254 1022 410 1081 Eructavit
423 1043 474 1082 cor
487 1044 586 1081 meum
600 1025 725 1082 verbum
739 1025 850 1082 bonum
865 1045 871 1082 :
893 1023 958 1081 dico
972 1043 1025 1101 ego
1039 1042 1128 1100 opera
1140 1042 1206 1081 mea
1219 1023 1292 1101 regi.

256 1103 367 1162 Oratio.
1184 1146 1187 1151 <

253 1185 376 1261 Largire
390 1186 482 1257 nobis,
499 1185 724 1244 clementissime
740 1186 839 1258 Pater,
854 1185 933 1262 quod
950 1184 1028 1243 sicut
1045 1185 1132 1242 beata
1153 1184 1253 1242 Maria
1275 1183 1396 1260 Magda-

192 1266 260 1323 lena
274 1266 439 1323 Dominum
451 1273 588 1324 nostrum
601 1267 624 1329 J
625 1286 707 1324 esum
722 1267 874 1324 Christum
889 1286 976 1342 super
994 1267 1093 1322 omnia
1111 1265 1261 1342 diligendo
1275 1283 1396 1323 suorum

192 1347 323 1404 obtinuit
358 1348 477 1405 veniam
507 1348 716 1424 peccaminum,
745 1349 789 1404 ita
816 1348 901 1404 nobis
935 1347 1015 1422 apud
1047 1346 1280 1404 misericordiam
1313 1352 1396 1405 tuam

192 1428 402 1504 sempiternam
415 1430 556 1504 impetret
570 1429 793 1486 beatitudinem.
837 1429 896 1485 Per
909 1428 1043 1485 eundem.

253 1520 398 1578 allectoria
412 1522 447 1578 de
460 1530 559 1578 sancto
582 1520 801 1595 Waadrapesilc,
817 1520 923 1578 abbate.
968 1520 1077 1578 Oratio.
1121 1518 1301 1578 Intercessic
1314 1538 1375 1577 nos.

252 1601 396 1677 Epistola.
439 1602 535 1659 Lectio
550 1602 619 1659 libri
632 1601 790 1678 Sapientiae
803 1601 907 1678 (Prov.
923 1601 1000 1659 esai.
1020 1600 1133 1679 10-31).

252 1682 412 1740 Mulierem
425 1683 532 1740 fortem
545 1683 612 1759 quis
625 1683 758 1740 inveniet
772 1703 862 1757 usqae
877 1684 918 1740 ad
937 1701 1026 1758 opera
1039 1683 1110 1759 ejus.

255 1763 389 1821 Gradale.
432 1763 609 1837 Adjuvabit.

252 1843 401 1920 Alleluya.
464 1845 492 1902 V.
550 1844 703 1920 Optimam
736 1851 850 1920 partein
884 1844 974 1921 elegit
1008 1843 1065 1902 sibi
1099 1842 1208 1917 Maria,
1238 1862 1305 1921 quae
1334 1862 1396 1902 non

192 1924 343 1982 auferetur
363 1925 401 1981 ab
421 1945 456 1983 ea
475 1925 508 1981 in
528 1931 679 1982 aeternum.

253 2002 418 2079 Sequentia.

192 2086 271 2142 Laus
285 2086 350 2159 tibi,
367 2086 493 2156 Christe,
508 2085 605 2162 quies
619 2086 749 2158 Creator,
766 2087 950 2162 Redemptor
962 2086 1042 2144 idem
1056 2092 1086 2144 et
1100 2086 1247 2159 Salvator,

194 2166 275 2239 Oaeli,
289 2172 384 2239 terrae,
399 2166 497 2237 maris,
511 2167 689 2243 angelorum,
705 2173 736 2225 et
749 2168 920 2240 hominum3

195 2247 291 2316 Quem
304 2248 400 2306 solum
414 2248 511 2305 Deum
526 2248 700 2305 confitemur
714 2256 744 2305 et
758 2248 940 2320 Dominum,

195 2329 255 2397 Qui
268 2336 433 2404 peccatores
447 2329 565 2400 venisti,
582 2334 617 2385 ut
634 2329 728 2386 salvos
742 2330 860 2402 faceres,

194 2408 264 2467 Sine
278 2416 396 2485 peccato
410 2410 522 2485 peccati
535 2429 685 2466 assumens
698 2410 872 2482 formulam3

195 2491 328 2559 Quorum
342 2491 378 2547 de
391 2510 486 2567 grege,
503 2496 537 2547 ut
551 2491 756 2563 Chananrcam,
773 2491 902 2548 Mariam
918 2490 1048 2548 visitasti
1062 2490 1281 2567 Magdalenam,

194 2570 306 2628 Eadem
320 2592 421 2628 mensa
434 2571 518 2629 verbi
532 2571 628 2628 divini
640 2572 723 2628 illam
737 2573 830 2642 micis,
845 2572 921 2629 hanc
935 2571 1070 2629 refovens
1084 2572 1209 2645 ferculis,

195 2652 233 2707 in
248 2652 334 2709 domo
349 2653 477 2710 Simonis
490 2653 598 2727 leprosi
611 2653 754 2710 conviviis
768 2654 912 2710 accubans
925 2653 1040 2728 typicis.

195 2732 367 2790 Murmurat
381 2734 554 2805 Pharisaeus,
569 2734 622 2789 ubi
634 2733 731 2809 plorat
744 2734 854 2790 femina
867 2733 999 2790 criminis
1012 2733 1134 2791 conscia

195 2814 335 2870 Peccator
353 2814 515 2871 contemnit
533 2821 774 2890 compeccantem,
793 2815 905 2890 peccati
922 2815 1037 2871 nescius
1054 2815 1247 2890 paenitentem
1265 2814 1398 2889 exaudis,

276 2894 417 2951 emundas
430 2894 543 2964 foedam,
559 2895 686 2966 adamas,
701 2901 736 2951 ut
749 2895 902 2970 pulchram
915 2895 1013 2965 faciae,

197 2974 290 3031 Pedes
307 2975 496 3050 amplectitur
513 2974 692 3047 Dominicos,
711 2975 839 3032 lacrimis
856 2977 946 3047 lavat,
965 2976 1056 3052 tergit
1077 2976 1231 3051 crinibus3
1260 2976 1398 3051 lavanda,

277 3056 427 3130 tergenda,
443 3061 595 3131 unguento
610 3057 725 3132 unguit,
741 3058 847 3114 osculis
860 3057 973 3114 circuit.

197 3135 272 3192 Hoec
286 3143 356 3193 sunt
371 3136 507 3193 convivia
520 3156 584 3211 quae
598 3137 655 3193 tibi
669 3137 794 3212 placent,
811 3138 836 3195 Ο
851 3138 950 3195 Patris
964 3136 1116 3214 sapientia,

197 3215 296 3274 Natus
310 3237 353 3295 ex·
361 3217 485 3293 virgine,
501 3218 552 3292 qui
566 3237 625 3274 nou
640 3219 807 3293 dedignaris
821 3219 905 3295 tangi
918 3239 935 3275 a
949 3219 1118 3294 peccatrice,

197 3298 229 3354 A
243 3297 391 3355 Pharisaeo
405 3318 435 3355 cs
448 3299 603 3370 invitatus,
619 3299 723 3355 Mariae
737 3300 856 3356 ferculis
869 3298 1048 3358 saturatus*

197 3378 330 3435 Multum
345 3379 471 3436 dimittis
484 3379 613 3436 multum
625 3381 746 3451 curanti,
762 3399 815 3436 nec
829 3380 940 3437 crimen
953 3388 1056 3456 postea
1069 3382 1223 3457 repetenti.

197 3460 361 3516 Dmmouiis
374 3480 439 3517 eam
453 3467 565 3535 septem
579 3461 704 3517 mundas
717 3461 882 3536 septiformi
896 3461 1018 3536 Spiritu.

198 3540 246 3596 Ex
259 3541 385 3597 mortuis
398 3548 598 3616 resurgentem
613 3541 664 3597 das
678 3543 791 3598 cunctis
805 3542 906 3599 videre
923 3543 1059 3619 priorem.

198 3621 275 3694 Hac,
290 3622 415 3693 Christe,
430 3623 578 3698 proselyta
591 3622 689 3699 signas
702 3623 861 3695 ecclesiam,
873 3643 962 3698 quam
971 3622 1010 3680 ad
1023 3622 1152 3680 filiorum
1165 3644 1301 3684 mensam
1314 3646 1401 3687 vocas

279 3703 474 3779 alienigenam
484 3723 493 3775 5

198 3783 294 3852 Qiram
307 3784 386 3841 inter
400 3784 537 3841 convivia
549 3784 622 3860 legis
644 3789 674 3842 et
693 3784 795 3860 gratiae
818 3784 901 3861 signa
924 3784 1068 3842 Pharisaei
1088 3786 1290 3865 fastus-lepra
1311 3796 1401 3848 vexat

279 3865 425 3922 haeretica.

197 3945 300 4014 eralis
313 3947 354 4002 sit
366 3951 401 4002 tu
414 3945 478 4016 scie,
494 3945 592 4021 tangit
604 3950 644 4016 te,
659 3945 729 4020 quia
742 3947 899 4021 peccatrix,
916 3947 986 4022 quia
998 3947 1092 4005 veniae
1110 3949 1253 4025 optatrix.

197 4027 347 4096 Quidnam
360 4026 481 4083 haberet
495 4046 572 4102 aegra
586 4026 611 4083 si
624 4046 685 4082 non
699 4027 863 4102 accepisset,
878 4029 904 4084 si
917 4029 1047 4086 medicus
1060 4048 1122 4086 non
1134 4029 1274 4089 adessetl

196 4108 263 4164 Rex
278 4128 381 4184 regum
394 4108 476 4164 dives
490 4108 523 4163 in
537 4126 638 4163 omnes
651 4127 705 4163 nos
719 4108 800 4164 salva
813 4116 998 4183 peccatorum
1012 4117 1131 4187 tergens
1144 4117 1254 4169 cuncta
1266 4111 1400 4187 crimina,

197 4188 374 4246 Sanctorum
387 4208 453 4265 spes
467 4195 498 4246 et
510 4188 611 4264 gloria.
1425 4200 1429 4207 '

261 4281 310 4340 Vel
328 4282 386 4339 ista
398 4281 562 4357 Sequentia.
606 4280 697 4336 Mane
717 4280 813 4356 prima
827 4281 960 4355 Sabbati,
975 4285 1135 4343 saesdema
1152 4305 1242 4345 asam
1256 4284 1354 4361 Obori,
1367 4294 1401 4345 st

197 4363 230 4420 ia
244 4362 402 4423 Domiaica
415 4363 449 4421 ia
462 4362 552 4422 aaa.

584 4440 597 4465 ¹
613 4439 685 4486 MSS.
696 4438 745 4484 and
755 4439 1000 4490 Edd-saturandns.
