2910 4904
664 224 808 309 Prcfoce.
1277 228 1336 291 xxi

133 389 233 469 pensis
248 390 394 449 Guerardi
408 391 571 464 Wansfort‚
590 392 756 466 bibliopolae
774 392 807 449 in
825 391 945 450 civitate
964 392 1051 450 Ebor.
1072 412 1185 450 moram
1197 395 1334 468 gerentis.

135 469 227 529 Anno
252 471 377 530 Domini
398 473 554 532 millesimo
575 474 811 549 quingentesimo
831 475 957 551 septimo
978 474 1164 550 quindecima
1183 475 1231 533 die
1250 476 1272 533 J
1274 476 1339 532 unii

133 552 280 630 expositio
293 553 362 611 finit
376 553 508 611 feliciter.
552 555 617 612 Deo
631 556 692 612 sint
705 555 815 632 gratiae.
859 556 967 613 Amen.

196 723 288 789 Thon
303 723 424 790 follows
439 725 495 790 the
510 707 641 802 Tabula,
658 726 740 792 after
755 727 902 793 which-

436 853 488 910 Ad
504 853 640 912 lectorem.

437 934 632 1011 Splendidam
645 935 762 1011 pulchri
776 936 923 1012 specimen
936 935 1031 994 libelli

435 1015 543 1072 Lector
555 1016 730 1092 inspectans,
747 1018 860 1075 animos
873 1019 1006 1076 faventes

438 1095 537 1170 Sume,
551 1117 658 1174 guerar
670 1098 777 1155 merito
791 1118 936 1174 reponans

768 1179 954 1238 Wnnsronr.

198 1303 268 1370 The
281 1304 368 1370 book
382 1305 528 1371 contains
542 1306 600 1371 the
614 1306 656 1371 78
671 1307 849 1393 Sequenoes
864 1310 929 1373 and
942 1309 1029 1374 their
1041 1310 1241 1396 Exposition.

197 1561 268 1628 The
282 1562 448 1648 following
468 1565 597 1648 portion
619 1561 656 1626 of
667 1563 722 1626 the
744 1517 908 1647 Sequanae
923 1563 973 1627 for
994 1562 1026 1628 S.
1044 1563 1244 1630 Catharine's
1259 1566 1333 1650 Day

130 1676 199 1743 will
214 1677 290 1762 give
305 1699 347 1741 an
361 1675 432 1741 idea
447 1675 484 1739 of
493 1676 549 1739 the
563 1675 727 1740 character
741 1675 777 1739 of
787 1675 844 1740 1111
860 1681 880 1710 “
891 1675 1060 1761 Expositio
1071 1676 1133 1724 ’'-
1430 1662 1434 1676 ’

384 1854 423 1910 In
444 1854 543 1911 Fnsro
563 1869 685 1910 111111
706 1853 913 1925 1111111111,
934 1871 1080 1914 macnus.

497 1996 577 2054 Odas
591 1996 624 2053 in
637 1995 691 2053 hac
705 1996 753 2052 die
766 1997 850 2053 laetas

496 2077 616 2134 Christo
630 2083 718 2134 canat
731 2078 825 2134 omnis
839 2084 911 2135 aetas

537 2157 639 2228 Gorde,
655 2177 734 2229 voce,
749 2158 874 2216 fidibus:

497 2239 623 2296 Omnem
637 2245 750 2314 spectat
763 2240 801 2295 ad
815 2247 933 2297 aetatem

495 2319 672 2377 Katharinae
685 2320 862 2395 dignitatem

536 2401 695 2458 Gumulare
707 2400 852 2458 laudibus,

495 2482 568 2538 Haec
583 2487 627 2538 est
640 2481 693 2537 illa
708 2481 791 2538 Gosti
804 2488 883 2553 nata,

495 2562 587 2638 Gujus
601 2569 669 2619 ortu
683 2563 819 2619 decorata

537 2643 690 2700 Gloriatur
704 2643 824 2700 Graecia.

190 2768 363 2826 Katharina
372 2768 482 2825 dicitur
492 2787 510 2824 a
520 2767 625 2824 Katha
638 2767 716 2842 quod
730 2772 775 2824 est
787 2766 959 2823 universum
973 2773 1003 2823 et
1017 2767 1103 2824 ruina
1117 2770 1201 2843 quasi
1214 2771 1331 2828 univer-

126 2849 198 2908 salis
219 2851 314 2907 ruina.
357 2850 453 2907 Omne
474 2849 554 2905 enim
575 2848 730 2904 aedificium
750 2848 860 2904 diaboli
877 2847 910 2903 in
928 2867 962 2904 ea
980 2848 1187 2907 universaliter
1208 2853 1328 2922 corruit,

126 2951 199 2989 111111
214 2931 370 2988 incanuit
384 2930 541 2987 aedificium
556 2930 721 3005 superbiae..

188 3012 355 3070 Construe:
390 3010 495 3069 Omnis
515 3017 594 3080 11111,
620 3011 674 3081 11,
704 3011 799 3067 omnis
826 3011 914 3067 homo
938 3010 1096 3085 cujuslibet
1125 3013 1220 3069 aetatis
1248 3015 1328 3070 canit

126 3092 249 3150 Christo
269 3092 352 3149 laetas
372 3092 450 3162 odas,
479 3092 534 3162 11,
559 3090 628 3148 laeta
648 3091 761 3148 cantica
783 3091 816 3147 in
839 3091 894 3148 hac
915 3091 962 3147 die
986 3092 1079 3163 corde,
1106 3112 1184 3165 voce,
1211 3093 1328 3168 fidibus,

123 3175 183 3247 11,
198 3174 316 3230 chordis
329 3173 457 3230 citharae.
501 3171 628 3248 Spectat,
642 3172 697 3243 11,,
709 3172 838 3248 pertinet
852 3173 889 3228 ad
903 3191 1010 3228 omnen
1030 3179 1148 3230 aetatem
1169 3175 1329 3250 cumulare,

125 3254 182 3325 11,
208 3274 315 3331 augere
338 3254 514 3330 dignitatem
534 3253 710 3309 Katharinae
731 3252 875 3325 laudibus
898 3254 952 3324 11,
976 3272 1042 3309 cum
1064 3253 1208 3312 laudibus.
1255 3256 1329 3314 Haeo

126 3337 241 3393 scilicet
259 3335 429 3393 Katharina
442 3340 487 3392 est
500 3335 558 3393 ista
571 3340 651 3405 nata,
667 3334 799 3406 11,,11111
820 3334 903 3390 Oosti
922 3333 1005 3391 illius
1024 3335 1109 3411 regis.
1153 3337 1230 3392 Ortu
1245 3338 1330 3413 cujus

128 3417 254 3488 Graecia,
268 3417 322 3489 11,
337 3415 390 3499 illa
409 3416 507 3493 patria
527 3416 671 3485 decorata,
689 3415 744 3485 11,
760 3421 864 3472 ornata
873 3435 881 3487 3
902 3415 1054 3491 gloriatur,
1075 3416 1130 3488 11,
1145 3417 1261 3492 plaudit
1274 3418 1330 3496 ¹vel

130 3498 315 3556 'ocundatun

123 3519 138 3575 J
191 3579 362 3636 Katharina
374 3597 434 3636 non
447 3576 507 3635 nisi
526 3579 564 3634 ab
585 3576 731 3653 imperitis
752 3577 862 3633 dicitur
883 3577 1023 3634 universa
1042 3577 1137 3650 ruina,
1152 3598 1206 3635 neo
1219 3579 1330 3636 dicitur

129 3659 252 3717 Graeciae
278 3679 395 3736 gemma
422 3659 492 3735 quia
518 3658 601 3715 illinc
635 3663 711 3715 esset
740 3664 805 3714 0111
815 3677 824 3730 ;
858 3658 937 3732 quod
970 3663 1070 3715 tamen
1104 3665 1207 3716 auctor
1240 3659 1329 3736 hujus

128 3740 298 3817 Sequentiae
320 3740 458 3817 putavit3
488 3739 624 3797 sederat
650 3738 797 3815 AEgyptia
824 3738 1015 3795 Alexandriae
1039 3745 1113 3809 orta,
1134 3747 1169 3797 ut
1193 3741 1331 3816 Baptista

128 3821 316 3879 Mantuanus
336 3822 445 3897 aliique
466 3821 657 3878 historiarum
675 3819 764 3895 periti
784 3839 852 3876 vere
873 3820 985 3877 docent.
1029 3819 1132 3877 Potest
1152 3828 1251 3878 autem
1272 3822 1331 3879 dici

129 3903 252 3960 Graeciae
265 3923 390 3980 gemma,
402 3903 472 3978 quia
482 3903 572 3959 etiam
587 3900 1160 3972 (111001111101101110111,1111111111
1175 3904 1328 3959 convertit.

129 3984 171 4040 Et
184 3985 229 4041 ita
242 3985 269 4041 si
281 3984 361 4041 hunc
375 3984 471 4040 locum
492 3983 605 4039 salvare
626 3981 692 4057 quis
712 3982 786 4038 velit
806 3981 885 4038 dicat
906 3983 989 4057 cujus
1009 3989 1085 4054 01111,
1100 3983 1155 4054 11,
1171 3984 1331 4040 emersione

128 4066 166 4123 ad
179 4066 306 4142 gloriam
320 4071 351 4123 et
364 4064 433 4122 fidei
447 4064 631 4140 splendorem
646 4063 759 4120 Graecia
773 4063 917 4133 decorata,
933 4064 980 4119 111.

492 4184 568 4242 Haec
581 4190 626 4241 111
639 4203 704 4259 quae
718 4204 819 4240 mnam
833 4183 890 4240 sibi
903 4184 1004 4242 datam

492 4265 610 4322 Christo
624 4265 722 4322 reddit
735 4265 919 4342 decuplatam

533 4346 601 4404 Oris
615 4347 790 4423 eloquentia.
