2910 4904
538 311 635 376 Festa
654 308 814 396 Aupuatt.

199 480 259 549 Qui
273 478 371 537 Patris
385 478 466 537 sedes
479 477 518 536 ad
531 478 692 549 dexteram,

197 560 311 618 Nostra
324 559 433 618 exaudi
446 560 617 637 angelorum

196 641 240 699 Et
252 641 429 698 famulorum
439 641 567 718 jungens
580 659 650 698 voce
663 639 849 717 precamina3

197 722 318 780 Horum
331 722 452 781 vocibus
465 726 501 779 ut
514 727 633 780 caterva

198 801 349 862 Glorificet
362 822 477 880 semper
489 808 519 860 te
534 807 565 860 et
577 808 679 860 nostra

197 883 385 961 Regnantem
394 885 462 961 jure
476 903 543 940 cum
557 883 666 940 sanctis
679 883 713 938 in
726 887 879 941 aeternum.

134 988 339 1064 Eooupettum.
382 988 480 1046 Venit
498 989 520 1047 J
523 1008 588 1047 esus
609 988 641 1045 in
665 993 765 1064 partes
784 988 924 1047 Oaesareae
942 986 1085 1065 Philippi,
1104 986 1220 1062 require
1240 986 1274 1045 tu

135 1243 329 1318 Offae-tortum.
372 1243 542 1302 constitues
555 1262 604 1302 eos
616 1243 771 1320 principes.

75 1499 102 1557 P
134 1336 279 1478 gild&
300 1419 367 1493 tibi,
382 1419 520 1495 Domine,
534 1418 710 1478 sacrificium
733 1417 865 1476 vivificet
886 1435 940 1475 nos
964 1435 1079 1493 semper
1100 1420 1131 1474 et
1147 1415 1271 1475 muniat.

103 1519 135 1558 er

134 1543 207 1638 illia
220 1578 334 1639 Secreta
347 1583 381 1640 da
394 1582 587 1658 Martprttus.
838 1633 840 1637 ,

134 1661 259 1733 Votiva,
282 1661 418 1733 Domine,
439 1664 580 1740 mysteria
601 1666 769 1719 sanctorum
790 1666 911 1718 tuorum
928 1659 1082 1719 sollemnia
1094 1659 1274 1717 celebrantes

73 1742 182 1800 devota
194 1748 295 1800 mente
308 1749 477 1816 tractamus,
493 1744 601 1820 quibus
614 1743 699 1800 nobis
719 1746 751 1799 et
770 1741 939 1818 praesidium
954 1747 1065 1800 crescat
1078 1745 1109 1798 et
1122 1739 1271 1818 gaudium.

74 1823 287 1980 Perl'roefutto.
331 1906 372 1962 Et
392 1911 431 1979 te,
447 1906 586 1979 Domine,
602 1903 783 1981 suppliciter.

133 1996 355 2148 gilliniqeitziiu,
369 2084 400 2136 et
413 2099 501 2157 super
514 2079 591 2137 hanc
605 2083 720 2155 petram
735 2077 884 2136 aedificabo
898 2076 1061 2136 Ecclesiam
1075 2095 1179 2134 meam.

134 2171 380 2229 Poatcommuuc'o.

135 2252 275 2328 Corporis
301 2253 377 2310 sacri
403 2259 434 2310 et
460 2252 582 2330 pretiosi
609 2251 761 2329 sanguinis
788 2252 895 2328 repleti
922 2251 1071 2321 libamine,
1096 2268 1272 2326 quaesumus,

72 2333 203 2391 Domine
218 2333 300 2390 Deus
313 2339 422 2406 noster,
437 2341 472 2391 ut
485 2335 564 2411 quod
577 2334 627 2410 pia
647 2333 802 2391 devotione
822 2333 959 2409 gerimus,
974 2332 1175 2390 intercedente
1187 2331 1274 2388 beato

72 2414 166 2472 Petro
179 2414 311 2491 apostolo
324 2420 386 2487 tuo,
403 2421 483 2472 certa
497 2407 698 2492 redemptione
712 2415 868 2490 capiamus
912 2413 978 2473 Per.

133 2506 207 2564 Atta
220 2507 465 2567 Posteommuuto.

133 2589 257 2659 Praesta,
283 2608 458 2664 quaesumus,
484 2589 670 2665 omnipotens
694 2589 784 2655 Deus,
799 2593 835 2644 ut
858 2606 984 2663 quorum
997 2584 1170 2643 memoriam
1183 2601 1275 2640 sacra-

70 2670 168 2727 menti
179 2670 409 2746 participatione
423 2671 587 2741 recolimus,
602 2671 690 2728 fidem
704 2689 821 2745 quoque
834 2668 1013 2744 proficiendo
1027 2671 1179 2725 sectemur.
1215 2664 1275 2721 Per

72 2751 248 2808 Dominum.

316 2931 427 2990 Saron
449 2931 614 3003 Srnruaur,
637 2948 728 2990 earn.
774 2933 824 3010 (iv.
841 2932 920 2991 Non.
936 2929 1031 3008 Aug.)

133 3073 277 3149 Officium.
321 3074 429 3132 Justus
443 3075 597 3152 utpalma.

135 3156 247 3213 Oratio.

131 3237 225 3306 Deus,
241 3237 294 3312 qui
318 3256 371 3294 nos
395 3237 476 3295 beati
498 3236 642 3313 Stephani
664 3239 803 3314 martyris
826 3239 874 3295 tui
898 3243 987 3313 atque
1011 3236 1161 3311 pontificis
1174 3254 1274 3292 annua

69 3318 271 3375 sollemnitate
292 3317 432 3391 laetificas,
454 3319 578 3376 concede
598 3319 752 3395 propitius,
774 3326 810 3375 ut
833 3319 917 3395 cujus
936 3317 1074 3375 natalitia
1095 3317 1217 3375 colimus
1238 3315 1274 3373 de

69 3399 204 3476 ejusdem
218 3400 309 3456 etiam
324 3399 506 3474 protectione
519 3400 705 3474 gaudeamus.
749 3400 816 3460 Per.

131 3497 250 3573 Epistol
270 3542 276 3554 .
320 3497 426 3554 Omnis
439 3497 582 3573 pontifex.

132 3589 270 3647 Grcdcte.
313 3589 335 3647 J
337 3596 421 3648 ustus
434 3610 495 3647 non
509 3591 742 3648 conturbabitur.

132 3670 283 3746 Alleluya.
333 3671 361 3729 V.
384 3671 496 3728 Beatus
510 3672 558 3727 vir
571 3672 623 3747 qui
637 3672 732 3729 timet.

131 3762 339 3839 Evuupettum.
383 3765 484 3821 Homo
498 3765 618 3840 quidam
633 3765 747 3823 nobilis.

134 3855 330 3930 Offertorium.
373 3857 483 3915 Inveni
496 3857 603 3916 David.

259 3949 277 3981 ἃ

133 3948 263 4088 liiidie
273 4031 339 4104 tibi,
352 4032 487 4104 Domine,
502 4033 598 4090 dicata
607 4033 764 4105 sanctifica,
775 4038 805 4090 et
814 4032 1015 4090 intercedente
1025 4034 1112 4090 beato
1124 4031 1272 4108 Stephano

70 4118 284 4251 Ddffldniuo
311 4120 401 4189 atque
428 4114 575 4190 pontifice,
596 4134 649 4191 per
676 4115 776 4173 eadem
803 4133 857 4172 nos
877 4113 1009 4190 placatus
1029 4113 1157 4171 intende.
1215 4110 1273 4168 Per

132 4337 144 4361 ³*
160 4337 213 4382 MS.
231 4337 393 4384 D.-Hostias
413 4344 508 4384 nostras
528 4338 581 4397 tibi,
601 4352 748 4398 quaesumus,
768 4339 879 4397 Domine,
899 4340 984 4386 reddat
1003 4341 1113 4398 acceptas
1131 4337 1273 4384 intercessio

73 4396 280 4502 slpppltiimsltlpphani
287 4397 401 4456 martyris
410 4397 447 4442 tui
456 4401 527 4456 atque
538 4398 667 4458 pontificis,
677 4401 719 4458 qui
728 4413 768 4446 eas
778 4401 851 4460 digno
862 4399 983 4446 offerendo
993 4399 1038 4444 tibi
1048 4397 1198 4456 complacuit.
1226 4398 1273 4444 Per
