2910 4904
169 336 208 396 sc
649 304 746 394 rista
767 329 882 395 ructa.

226 499 402 638 Cdirirnriiwest
415 580 549 637 confiteri
563 553 712 636 Domino:
734 584 764 636 et
777 578 900 654 psallere
915 578 1029 636 nomini
1042 584 1103 651 tuo,
1119 576 1272 637 altissime.

226 678 336 829 gredi?
345 759 397 834 qui
423 763 598 834 praesentem
625 758 703 815 diem
730 757 932 815 honorabilem
956 758 1041 816 nobis
1061 758 1094 814 in
1113 758 1194 815 beati
1217 754 1369 815 Johannis

165 840 324 897 nativitate
338 840 456 912 fecisti,
479 840 517 896 da
539 839 656 915 populis
677 838 739 896 tuis
762 838 964 914 spiritualium
986 839 1113 915 gratiam
1136 838 1323 914 gaudiorum,
1338 843 1369 894 et

165 921 297 979 onmium
311 922 442 978 fidelium
456 926 571 978 mentes
581 919 675 996 dirige
688 919 721 976 in
735 919 815 976 viam
829 919 933 977 salutis
947 925 1072 977 aeternae.
1115 919 1182 978 Per.

225 1018 322 1076 Lectio
335 1018 434 1075 It'suice
447 1017 605 1094 Prophetae.

225 1100 340 1157 Audite
367 1100 480 1171 insulae,
502 1106 533 1156 et
559 1098 713 1169 attendite,
735 1097 837 1174 populi
858 1098 893 1155 de
913 1099 1019 1175 longe:
1054 1098 1202 1156 Dominus
1221 1097 1260 1155 ab
1279 1103 1367 1155 utero

164 1182 284 1237 vocavit
305 1201 361 1253 me,
387 1181 423 1237 de
446 1186 549 1237 ventre
571 1180 676 1237 matris
700 1199 772 1236 meae
796 1180 966 1236 recordatus
994 1184 1040 1236 est
1064 1179 1193 1237 nominis
1212 1177 1281 1237 mei.
1325 1178 1367 1236 Et

163 1261 264 1337 posuit
278 1281 309 1318 os
322 1281 422 1318 meum
443 1261 519 1318 sicut
543 1261 674 1335 gladium
698 1267 835 1317 acutum:
857 1261 889 1317 in
909 1261 1016 1317 umbra
1035 1280 1140 1318 manus
1154 1280 1214 1317 suae
1228 1260 1363 1337 protexit

163 1362 220 1414 me,
235 1349 266 1400 et
279 1343 378 1418 posuit
401 1362 449 1399 me
471 1343 557 1418 quasi
580 1342 718 1418 sagittam
743 1342 873 1399 electam.
917 1340 956 1397 In
976 1341 1116 1417 pharetra
1135 1361 1189 1399 sua
1209 1340 1366 1399 abscondit

164 1443 220 1494 me,
235 1429 266 1480 et
286 1424 365 1481 dixit
385 1423 476 1480 mihi:
505 1424 614 1480 Servus
628 1443 754 1480 meuses
770 1428 814 1494 tu,
830 1423 933 1494 Israel,
948 1423 1019 1498 quia
1033 1424 1065 1478 in
1079 1429 1110 1479 te
1124 1422 1279 1497 gloriabor.
1323 1422 1366 1479 Et

163 1524 243 1562 nunc
256 1505 319 1562 haec
332 1505 405 1562 dicit
420 1505 576 1576 Dominus,
591 1504 721 1561 formans
734 1524 781 1560 me
801 1524 839 1559 ex
859 1509 944 1560 utero
965 1523 1083 1561 servum
1098 1504 1172 1561 sibi:
1194 1503 1274 1561 Dedi
1286 1509 1320 1561 te
1332 1503 1366 1559 in

162 1585 258 1643 lucem
282 1587 426 1662 gentium,
448 1592 483 1643 ut
507 1586 546 1642 sis
570 1585 648 1642 salus
669 1605 735 1642 mea
758 1604 851 1661 usque
875 1584 913 1641 ad
937 1590 1103 1642 extremum
1127 1578 1222 1642 terrae.
1265 1584 1365 1661 Reges

162 1667 315 1738 videbunt,
335 1674 366 1724 et
383 1672 561 1742 consurgent
582 1666 739 1743 principes,
754 1673 785 1723 et
802 1665 968 1724 adorabunt
982 1666 1146 1723 Dominum
1161 1665 1260 1722 Deum
1274 1672 1364 1723 tuum

162 1753 194 1805 et
208 1748 349 1805 Sanctum
363 1748 465 1818 Israel,
476 1747 529 1823 qui
542 1747 632 1824 elegit
644 1753 683 1806 te.

225 1844 360 1902 Grctdale.

223 1925 401 2001 Priusquam
420 1925 579 1982 formarem
598 1924 632 1980 in
651 1933 745 1995 utero,
759 1924 883 2000 cognovi
903 1932 951 1982 te:
984 1931 1015 1982 et
1034 1929 1195 1999 antequam
1214 1924 1313 1983 exires
1326 1924 1364 1982 de

161 2013 274 2078 ventre,
289 2006 472 2064 sanctificavi
484 2012 522 2063 te.

170 2088 196 2144 V.
220 2087 308 2144 Misit
321 2087 469 2144 Dominus
482 2104 604 2143 manum
618 2105 718 2142 suam:
741 2091 771 2142 et
784 2085 888 2162 tetigit
901 2105 933 2142 os
946 2105 1055 2159 meum,
1071 2093 1102 2144 et
1115 2085 1195 2143 dixit
1207 2085 1292 2144 mihi.

221 2168 370 2245 Alleluya.
419 2168 447 2224 V.
474 2167 560 2224 Inter
579 2173 665 2224 natos
689 2167 848 2224 mulierum
871 2186 932 2224 non
953 2167 1084 2225 surrexit
1106 2167 1202 2244 major
1221 2166 1363 2225 Johanne

162 2250 306 2326 Baptista.

220 2346 386 2423 Sequentia.

280 2441 383 2500 Sancti
396 2440 540 2516 Baptistae
555 2438 668 2497 Christi
681 2439 823 2515 praeconis

280 2522 440 2580 Sollemnia
453 2521 633 2578 celebrantes
646 2522 777 2577 moribus
790 2520 887 2596 ipsum
902 2539 1067 2596 sequamur,

278 2605 325 2662 Ut
339 2604 376 2661 ad
390 2604 483 2660 vitam
497 2622 585 2679 quam
599 2603 738 2678 praedixit
752 2602 874 2658 asseclas
887 2621 955 2658 suos
968 2600 1117 2676 perducat.

278 2684 391 2743 Devoti
409 2690 449 2755 te,
462 2683 644 2741 sanctissime
663 2683 827 2754 homiuum,
847 2683 940 2740 amice
960 2683 982 2740 J
983 2701 1034 2739 esu
1055 2679 1176 2753 Christi,
1189 2679 1362 2757 flagitamus

357 2771 393 2822 ut
405 2765 512 2841 gaudia
524 2765 728 2840 percipiamus.

276 2847 491 2922 Apparensque
512 2845 661 2902 Zachariae
682 2844 804 2901 Gabriel
824 2844 992 2920 repromisit
1012 2843 1064 2920 qui
1076 2848 1160 2900 trram
1175 2841 1359 2917 qelebrarent

358 2926 504 3002 obsequiis
517 2926 715 2983 nativitatem.

278 3007 326 3066 Ut
338 3028 391 3084 per
404 3007 465 3064 haec
478 3007 562 3077 festa,
576 3013 687 3064 aeterna
699 3006 807 3083 gaudia
820 3007 1028 3081 adipiscamur,

278 3089 345 3159 Qua
357 3089 453 3145 sancti
466 3087 525 3145 Dei
537 3088 628 3145 sacris
642 3087 753 3145 deliciis
766 3088 830 3144 laeti
843 3087 1035 3164 congaudent.

278 3169 323 3227 Tu
338 3169 391 3246 qui
404 3189 551 3245 praeparas
565 3169 697 3226 fidelium
711 3168 806 3239 corda,

277 3251 325 3308 Ne
339 3251 411 3326 quid
424 3250 544 3308 devium
557 3250 605 3307 vel
618 3250 764 3306 lubricum
779 3250 863 3306 Deus
875 3249 907 3304 in
922 3248 964 3306 cis
977 3247 1111 3305 inveniat

277 3332 319 3390 Te
332 3331 529 3407 deposcimus:
551 3337 586 3387 ut
599 3331 724 3388 crimina
736 3337 838 3388 nostra

275 3413 317 3470 Et
330 3413 461 3470 facinora
474 3412 617 3470 continua
631 3432 714 3488 prece
727 3412 845 3468 studeas
858 3411 1019 3482 absolvere,

276 3494 416 3551 Placatus
429 3499 464 3550 ut
477 3494 540 3570 ipse
553 3513 621 3550 suos
634 3513 748 3569 semper
760 3493 887 3549 invisere
901 3491 1010 3563 fideles,

275 3575 420 3633 Placitam
433 3581 464 3632 et
477 3575 659 3631 mansionem
672 3576 705 3631 iu
719 3574 760 3631 eis
773 3574 867 3631 facore
881 3574 1027 3650 dignetur.

275 3656 323 3713 Ut
335 3657 402 3731 agni
417 3656 526 3713 vellere
539 3675 627 3731 quem
640 3661 693 3712 tuo
707 3655 801 3731 digito

273 3736 383 3794 Mundi
397 3744 612 3794 monstraveras
625 3736 781 3793 tollentem
794 3735 919 3792 crimina
932 3754 985 3791 nos
998 3734 1073 3792 velit
1086 3733 1210 3793 induere
1220 3755 1230 3807 3

275 3817 321 3875 Ut
334 3819 431 3893 ipsum
445 3837 610 3874 mereamur
623 3818 734 3893 angelis
747 3817 852 3873 associi

272 3900 311 3955 Iu
324 3899 392 3955 alba
405 3905 487 3956 veste
501 3899 584 3974 sequi
598 3918 651 3974 per
663 3904 779 3974 portam
793 3897 993 3968 clarissimam,

272 3980 378 4037 Amice
392 3979 505 4037 Christi
518 3980 540 4037 J
542 3980 679 4036 ohannes.

209 4122 374 4181 Secundam
388 4119 500 4177 Lucam
513 4119 550 4189 (i.
568 4118 683 4196 57-68).

210 4204 250 4261 Iu
269 4203 322 4260 illo
341 4209 480 4277 tempore,
495 4200 651 4257 Elisabeth
674 4199 831 4275 impletum
855 4206 900 4256 est
919 4204 1037 4275 tempus
1055 4218 1146 4274 acque
1166 4200 1208 4257 ad
1229 4206 1261 4258 et
1279 4200 1352 4259 fecit

149 4284 380 4361 redemptionem
394 4282 488 4359 plebis
501 4300 570 4338 suae.

210 4365 312 4424 Credo.

209 4457 400 4532 Offertomum.
443 4456 551 4514 Justus
564 4460 600 4512 ut
612 4454 719 4532 palma.
