2910 4904
411 273 460 337 Ia
480 272 536 338 dic
556 271 773 340 Vicitotioaia
796 273 895 338 110010
917 273 1049 339 11101110.
1271 279 1334 342 213

190 440 336 500 Psolmas.
381 440 440 510 Qui
453 441 529 517 regis
543 440 638 499 Israel
654 440 774 499 intende
787 463 794 498 ι
815 441 868 516 qui
881 440 1000 499 deducis
1013 441 1097 499 velut
1110 460 1196 499 ovem
1209 441 1231 499 J
1232 443 1330 520 cseph.

193 522 301 579 Oratio.

189 603 280 674 Deus,
296 602 347 679 qui
360 601 503 660 hodierna
516 602 564 660 die
578 602 778 680 Unigenitum
792 608 879 660 tuum
896 602 1072 661 mirabiliter
1088 603 1330 662 transformatum

128 683 243 741 caelitus
265 685 419 759 utriusque
443 683 625 741 Testamenti
651 683 785 759 patribus
809 683 955 757 revelasti,
978 684 1017 742 da
1039 685 1133 757 nobie,
1156 704 1331 760 quaesumus,

129 764 321 840 beneplacitis
348 766 405 821 tibi
432 765 546 821 actibus
575 765 613 822 ad
640 766 702 840 ejus
733 784 848 841 semper
878 765 1135 842 contemplandam
1165 765 1331 842 pertingere

126 845 260 921 gloriam,
276 845 309 902 in
327 865 385 922 quo
409 852 466 902 tuae
488 846 663 922 paternitati
685 845 796 922 optime
816 845 1024 922 complacuisse
1044 852 1170 904 testatus
1191 866 1229 904 es.
1274 847 1332 904 Per

127 926 256 984 eundem
271 927 442 983 Dominum.

190 1006 287 1064 Lectio
301 1007 439 1082 Epistola
453 1007 528 1065 beati
540 1007 624 1065 Petri
637 1006 768 1082 Apostol'
782 1007 814 1083 (2
828 1007 847 1066 i.
867 1007 977 1086 16-19).

190 1088 359 1146 Carissimi:
385 1088 456 1145 Non
477 1088 556 1146 enim
578 1088 710 1146 indoctas
729 1088 844 1146 fabulas
863 1109 954 1164 usquc
975 1090 1016 1146 ad
1035 1088 1140 1147 lucifer
1161 1089 1275 1146 oriatur
1298 1088 1331 1146 in

129 1169 266 1226 cordibus
280 1169 392 1226 vestris.

192 1249 325 1308 Grudalc.
1145 1311 1149 1321 ,

191 1331 300 1387 Tecum
313 1330 491 1407 principium
505 1330 538 1387 111
551 1330 599 1388 1110
612 1330 734 1389 virtutis
747 1335 816 1403 tuae,
828 1330 861 1387 in
874 1330 1078 1408 splendoribus
1091 1337 1277 1389 sanctorum:
1293 1351 1331 1389 ex

130 1416 216 1467 utero
230 1417 299 1469 ante
313 1412 468 1469 luciferum
481 1412 571 1488 genui
584 1418 621 1469 te

136 1491 165 1551 V.
193 1492 281 1549 Dixit
304 1492 452 1550 Dominus
474 1492 604 1549 Domino
626 1511 690 1550 meo
700 1513 709 1565 3
733 1491 807 1550 Sede
827 1512 846 1549 a
867 1491 981 1550 dextris
1002 1493 1091 1550 meis:
1112 1492 1204 1550 donec
1223 1513 1330 1570 ponam

129 1571 265 1630 inimicos
278 1579 344 1631 tuos
358 1573 516 1631 scabellum
530 1573 638 1649 pedum
652 1579 780 1630 tuorum

192 1653 340 1730 Alleluya
400 1653 429 1712 V.
463 1653 536 1711 Dies
563 1654 762 1711 sanctificatus
788 1653 891 1711 illuxit
917 1653 1023 1711 nobis:
1052 1654 1152 1711 venite
1179 1660 1282 1731 gentes
1301 1661 1332 1712 et

128 1733 250 1792 adorate
263 1734 444 1792 Dominum:
466 1735 536 1810 quia
549 1734 636 1792 hodie
649 1734 799 1792 descendit
813 1735 867 1791 lux
881 1753 987 1810 magna
1000 1740 1218 1811 superterram.

192 1814 355 1889 Sequentia.
399 1815 561 1872 Benedicta
583 1835 696 1891 semper
720 1813 759 1872 sit
780 1815 868 1872 beata
890 1815 1029 1886 Trinitas,
1044 1825 1078 1872 01
1095 1815 1130 1873 ia
1148 1816 1196 1874 dic
1216 1815 1331 1874 Sancta

132 1895 297 1954 Trinitatis.

190 1976 358 2034 Secundam
371 1976 547 2034 Mattiacorum
560 1976 646 2053 (avii.
665 1976 737 2054 1-9).

190 2056 230 2114 In
243 2058 295 2115 illc
308 2064 447 2134 tempore,
463 2057 633 2134 Assumpsit
651 2057 673 2115 J
674 2077 739 2114 esus
759 2056 884 2114 Petrum
905 2064 935 2115 et
955 2057 977 2116 J
978 2057 1103 2116 acobum
1116 2064 1147 2116 et
1161 2057 1183 2116 J
1184 2058 1329 2117 ohannem

130 2157 220 2211 usquc
234 2138 276 2195 ad
287 2139 379 2196 donec
392 2139 471 2197 lilius
483 2138 611 2195 hominis
624 2159 643 2196 a
656 2137 780 2196 mortuis
794 2144 936 2215 resurgat.

192 2218 294 2276 Credo.

114 2368 116 2373 Ι
194 2299 385 2372 offertorium.

192 2381 274 2438 Deus
295 2380 374 2438 enim
396 2379 527 2437 firmavit
547 2379 647 2437 orbem
669 2385 762 2450 terrae,
778 2399 843 2457 quae
865 2399 926 2437 non
946 2379 1199 2438 commovebitur:
1229 2387 1332 2456 parata

128 2461 212 2519 sedes
226 2468 288 2535 tua,
303 2463 394 2535 Deus,
410 2481 448 2519 ex
463 2468 534 2519 tunc
547 2480 565 2518 a
578 2460 684 2518 saeculo
698 2467 733 2518 tu
746 2480 785 2520 ee.

191 2543 312 2602 Secreto.

192 2623 321 2699 Suscipe,
337 2614 655 2699 quaesumuaDominc
669 2627 779 2695 sancte,
800 2621 892 2680 Pater
911 2621 1105 2698 omnipotens,
1123 2641 1247 2679 munera
1266 2642 1331 2698 quae

131 2724 185 2782 pro
198 2704 324 2781 gloriosa
337 2704 408 2760 Filii
421 2704 468 2760 tui
482 2703 752 2779 Transfiguratione
765 2702 932 2775 deserimus,
944 2708 975 2760 et
988 2702 1112 2760 concede
1126 2702 1279 2779 propitius,
1295 2711 1331 2761 ut

131 2805 184 2861 per
196 2784 258 2843 haec
271 2806 289 2843 a
308 2784 520 2862 temporalibus
540 2783 698 2842 liberemur
718 2783 912 2841 incommodis
933 2790 964 2841 et
984 2783 1101 2860 gaudiis
1122 2789 1331 2842 connectamur

130 2867 258 2924 aeternis.
301 2865 359 2923 Per
373 2865 506 2923 eundem.

191 2946 340 3022 Praefotio.
383 2947 429 3004 De
441 2946 610 3007 Notioitota
655 2945 733 3015 Quia
745 2965 798 3022 per
811 2944 971 3004 Incarnati

194 3027 375 3086 Communia

192 3108 231 3165 In
245 3109 447 3186 splendoribus
461 3115 631 3167 sanctorum
645 3127 683 3165 ex
696 3114 782 3166 utero
795 3113 866 3166 ante
879 3106 1036 3166 luciferum
1048 3107 1138 3184 genui
1151 3114 1190 3168 te.
1305 3145 1307 3149 -

192 3190 433 3248 Poatcommaaio.

193 3272 283 3343 Deus,
298 3272 350 3347 qui
367 3271 446 3329 hunc
464 3271 542 3329 diem
565 3269 718 3329 Incarnati
731 3268 828 3328 Verbi
850 3269 898 3328 tui
919 3269 1198 3347 Transfiguratione,
1213 3274 1332 3346 tuaeque

129 3351 168 3409 ad
183 3372 252 3408 eum
265 3352 353 3409 missa
366 3352 554 3428 paternitatis
566 3371 638 3409 voce
651 3351 841 3423 consecrasti3
861 3350 968 3422 tribue,
983 3369 1160 3426 quaesumus,
1175 3357 1211 3408 ut
1223 3350 1333 3407 divinis

131 3432 210 3509 pasti
231 3432 378 3490 alimoniis
399 3434 431 3489 in
455 3434 518 3508 ejus
545 3451 711 3489 mereamur
734 3431 866 3489 membra
887 3431 1050 3504 transferri,
1074 3432 1127 3506 qui
1147 3431 1210 3489 haec
1230 3431 1264 3488 in
1286 3431 1332 3488 sui

130 3514 304 3570 memoriam
322 3513 386 3571 fieri
406 3514 554 3590 praecepit,
572 3512 660 3571 Jesus
683 3512 819 3570 Christus
841 3511 936 3570 Filius
958 3518 1028 3569 tuus
1052 3512 1200 3570 Dominus
1222 3518 1329 3570 noster.

130 3593 192 3663 Qui
206 3603 311 3654 tecum.

427 3725 467 3782 Iu
487 3742 541 3782 11111
561 3725 775 3783 V1s1mrror1s
796 3739 902 3783 1111111
923 3723 1047 3782 Mina

192 3839 242 3897 Ad
254 3839 387 3900 Missam.
432 3839 572 3914 Officium.

195 3920 380 3978 Gaudeamus
402 3940 503 3978 omnes
520 3920 553 3977 in
571 3919 701 3978 Domino
723 3919 802 3977 diem
819 3918 928 3976 festum
950 3918 1130 3977 celebrantes
1147 3916 1202 3974 sub
1222 3916 1331 3974 honore

132 4003 238 4095 Mariae
251 4002 384 4078 virginis,
400 4001 438 4059 de
450 4002 534 4077 cujus
547 4001 718 4058 visitatione
730 4000 861 4078 gaudent
881 3999 980 4078 angeli
993 4007 1024 4057 et
1038 3998 1207 4056 collaudant
1220 3997 1331 4055 Filium

133 4085 339 4221 Deli'aulmua.

193 4245 352 4338 Eructavit
365 4264 416 4303 cor
428 4263 528 4301 meum
540 4242 664 4301 verbum
678 4241 790 4300 bonum
803 4264 810 4302 :
830 4243 896 4301 dico
909 4261 962 4320 ego
976 4261 1065 4318 opera
1078 4260 1144 4298 mea
1157 4240 1227 4318 regi.

192 4325 361 4483 Dbidbiaqni
389 4405 615 4464 sacratissimam
642 4404 790 4482 virginem
810 4404 939 4463 Mariam
959 4401 1106 4480 unigeniti
1128 4401 1175 4459 tui
1197 4408 1331 4476 matrem,
