2910 4904
589 294 686 358 Festo
707 291 906 358 Decembris.

466 496 567 554 Iurss
588 496 730 555 Oersvus
752 512 859 555 senem
879 495 1025 554 Annnnn

202 613 253 671 Ad
265 613 397 672 Missaun.
443 612 583 688 Officium.

200 694 280 751 Mihi
297 701 405 766 autem,
421 703 448 751 et
467 701 577 763 πωπω·
598 693 672 752 sicat
696 695 730 751 in
748 693 803 765 die,
818 701 926 769 praeter
942 691 1099 767 Sequentia
1121 697 1147 748 et
1171 689 1275 764 Orode,
1294 689 1344 748 eal

140 796 207 833 cam
220 774 398 850 Praefaticae
412 775 453 832 Et
466 780 505 846 te,
522 775 660 847 Domine,
675 775 856 851 suppliciter.
907 798 909 802 ’

233 967 420 1025 Sermonum
441 983 614 1025 ussursnu
635 967 816 1026 Onnrssum
838 985 876 1025 nr
898 968 1018 1025 ΒΑΜ.
1064 965 1147 1044 (Kal.
1164 965 1249 1044 Dec.)

203 1081 341 1157 Officium.
385 1083 484 1140 Intret
497 1084 529 1140 in
543 1090 707 1159 conspectu.

200 1162 308 1221 Oratio.
352 1158 441 1234 Deus,
457 1165 510 1240 qui
524 1184 576 1221 nos
590 1165 731 1238 concedis,
752 1165 787 1223 iit
802 1163 965 1224 Communi.

200 1243 343 1318 Epistola.
388 1244 490 1302 Sancti
503 1264 555 1320 per
568 1245 663 1304 fidem.

202 1324 337 1384 Gradale.
382 1324 600 1383 Olamnverunt.

200 1405 349 1481 Alleluya.
399 1406 655 1465 VTradiderunt.

199 1486 402 1560 Ilvanpeliam.
446 1486 633 1545 Descendens
646 1487 741 1547 Jesus.

203 1565 393 1640 Offlrtoriam.
436 1567 601 1625 Laetamini.

202 1647 383 1706 Communia.
428 1647 594 1707 Multitudo
607 1649 818 1726 languentium.

289 1840 329 1895 In
350 1840 449 1897 Fusco
470 1856 576 1899 senem
597 1841 742 1912 Nlconsl,
764 1857 898 1898 nmscom
919 1857 957 1897 nr
978 1855 1183 1898 consmsonm.

624 1920 697 2000 (viii
714 1923 759 1979 Id.
776 1920 860 2000 Deo.)

200 1999 339 2074 Officium.
384 2001 497 2059 Statuit
510 2003 545 2061 ei

201 2079 310 2138 Oratio.

199 2161 289 2232 Deus,
312 2163 364 2238 qui
388 2163 508 2220 beatum
531 2164 691 2222 Nicolaum
714 2165 884 2241 pontificem
904 2169 991 2221 tuum
1014 2161 1178 2220 innumeris
1199 2161 1342 2220 decorasti

139 2241 305 2315 miraculis3
325 2243 424 2301 tribue
437 2244 532 2316 nobie,
547 2265 724 2320 quaesumuS,
736 2253 770 2304 ut
784 2247 847 2321 ejus
857 2245 971 2302 meritis
982 2251 1012 2301 et
1021 2244 1156 2320 precibus
1169 2263 1188 2302 a
1200 2243 1340 2320 gehennae

138 2323 282 2380 incendiis
295 2323 461 2382 liberemur.
504 2325 564 2383 Per
577 2327 747 2384 Dominum.
887 2360 890 2365 ·

199 2402 360 2481 *Memoria
373 2405 407 2462 cle
415 2404 551 2463 Adventu
565 2417 591 2464 et
605 2408 639 2465 ole
651 2408 791 2480 Domina,
807 2407 841 2465 ale
858 2415 957 2464 sancto
970 2404 1098 2477 Andrea,
1114 2414 1140 2464 ct
1153 2405 1188 2463 de
1200 2404 1341 2464 Omnibus

139 2484 264 2557 alanetie,
279 2485 322 2542 ael
334 2486 397 2544 altit
411 2487 452 2544 ad
458 2487 611 2563 placitum.

198 2565 339 2641 Epistola.
384 2569 459 2626 Ecce
472 2569 611 2627 sacerdos.

201 2645 335 2705 Gradale.
379 2650 454 2707 Ecce
468 2651 609 2708 sacerdos.

198 2727 346 2804 Alleluya.
406 2732 434 2788 V.
457 2731 571 2787 Tumbe
598 2731 693 2788 sancti
720 2730 839 2787 Nicoloi
862 2750 978 2788 sacrum
1000 2729 1120 2787 resudet
1141 2728 1238 2788 oleum
1262 2728 1341 2805 quod

139 2826 232 2882 aegros
246 2814 338 2866 sanat.

202 2888 366 2965 Sequentia.

519 2972 742 3048 Congcudentes
756 2971 938 3029 exsultemus

562 3053 666 3110 Vocali
679 3053 843 3124 concordie,

518 3135 569 3191 Ad
583 3134 663 3190 beati
678 3133 797 3190 Nicolei

558 3215 679 3272 Festive
692 3215 845 3272 sollemnia
857 3236 863 3272 :

519 3296 579 3366 Qui
592 3295 624 3352 in
638 3296 722 3352 cunis
730 3296 830 3352 ‘adhuc
839 3297 942 3371 jacens

559 3376 709 3435 Servando
717 3377 842 3452 jejunia,

519 3458 551 3515 A
564 3458 675 3534 papilla
689 3459 776 3533 coepit
790 3477 905 3514 summa

559 3539 726 3596 Promereri
740 3539 854 3615 gaudia.

517 3620 697 3677 Adolescens
710 3621 896 3696 amplexatur

559 3701 743 3758 Litterarum
756 3702 863 3772 studia,

518 3781 645 3839 Alienus
659 3788 690 3839 et
703 3782 843 3838 immunis

557 3863 610 3919 Ab
623 3863 705 3919 omni
715 3862 843 3920 lascivia.

518 3942 605 4000 Felix
619 3943 772 4012 confessor,

558 4024 650 4099 Cujus
667 4023 726 4080 fuit
740 4024 895 4100 dignitatis

557 4104 628 4161 Vox
642 4104 678 4162 de
692 4104 762 4162 caelo
775 4106 903 4177 nuntia3

517 4185 577 4243 Per
590 4205 679 4261 quem
693 4193 850 4261 provectus
935 4186 938 4194 ’

557 4265 737 4324 Praesidatus
751 4267 929 4324 sublimetur

556 4348 608 4406 Ad
622 4367 738 4405 summe
750 4349 876 4425 fastigia.

602 4475 615 4502 ¹
632 4475 768 4523 Onu-MS.
779 4477 807 4524 G.
