2910 4904
525 317 622 380 Festa
643 317 825 383 Jarurarii.

235 484 329 541 Venit
344 485 470 541 Romam
485 506 490 541 :
512 484 609 541 Deum
624 504 718 540 unum
732 485 911 543 annuntiat:

233 565 316 622 Nero
329 566 451 637 resistit,
467 566 519 641 qui
533 565 646 623 colebat
659 566 751 623 idola:

236 646 336 703 Morte
350 647 415 703 dira

235 727 327 783 Illum
340 733 448 785 necat:

234 808 350 864 Mundo
364 815 534 884 exemptum
549 807 645 865 mittit
659 808 697 864 ad
710 814 810 865 astra:

236 888 302 957 Quo
316 909 370 946 nos
384 888 466 946 Deus
480 889 645 945 miserando
658 891 808 964 perducat,

233 970 366 1045 Adjutos
380 989 466 1045 prece
479 969 568 1026 Pauli
581 975 681 1026 sancta
732 969 881 1045 Alleluya.

139 1050 188 1107 Vel
203 1049 336 1121 Tractus,
352 1051 379 1107 ai
392 1049 476 1125 iufra
489 1049 738 1126 Septaapesiaram
752 1052 879 1108 evenerit.

133 1132 266 1189 Tractus,

133 1212 180 1269 Tu
204 1232 234 1269 es
256 1231 307 1268 vas
329 1212 489 1284 electionis
513 1218 613 1269 sancte
635 1211 728 1268 Paule
750 1212 917 1287 Apostole3
940 1233 1008 1270 vere
1023 1213 1110 1291 digne
1124 1234 1155 1272 es
1169 1215 1276 1292 glorifi·

71 1293 193 1350 candus.

76 1374 105 1430 l'.
132 1373 314 1431 Praedicator
328 1374 462 1430 veritatis
476 1380 506 1430 et
520 1373 622 1430 doctor
635 1374 769 1449 gentium
783 1375 815 1430 in
829 1374 886 1431 fide
900 1381 930 1432 et
944 1375 1076 1433 veritate.

77 1456 106 1512 l'.
131 1455 192 1511 Per
206 1461 235 1511 te
249 1474 349 1511 omnes
363 1461 464 1529 gentes
478 1461 678 1530 cognoverunt
691 1456 817 1532 gratiam
832 1455 896 1512 Dei.

78 1536 106 1592 l'.
132 1535 289 1592 intercede
302 1555 356 1612 pro
378 1536 461 1591 nobis
475 1537 512 1592 ad
526 1536 690 1592 Dominum
704 1536 756 1611 qui
771 1542 800 1593 te
814 1537 909 1612 elegit.

134 1616 305 1674 Secundam
325 1617 500 1673 Mattlrreaai
518 1617 595 1688 (aaa.
613 1616 728 1693 27-29).

135 1698 174 1753 In
187 1697 240 1753 illo
255 1704 393 1772 tempore,
410 1698 499 1753 Dixit
514 1697 616 1754 Simon
630 1697 736 1754 Petrus
755 1697 792 1754 ad
807 1698 828 1754 J
831 1717 921 1768 emm,
936 1697 1011 1756 Ecce
1032 1718 1085 1756 nos
1104 1699 1277 1775 reliquimus

73 1799 164 1852 usqae
178 1780 220 1834 ad
234 1785 264 1834 et
276 1779 371 1834 vitam
386 1786 526 1835 aeternam
539 1779 707 1854 possidebit.

135 1859 239 1916 Credo.

137 1938 332 2012 Offlrtoriaaa
376 1939 456 1996 Mihi
469 1944 576 1997 autem.

135 2020 259 2078 Secreta.

135 2101 276 2178 Apostoli
300 2101 348 2159 tui
371 2101 459 2158 Pauli
483 2101 626 2177 precibus,
652 2121 828 2177 quaesumus
855 2102 992 2171 Domine,
1013 2103 1108 2178 plebis
1128 2108 1187 2160 tuae
1202 2103 1279 2160 dona

72 2182 244 2240 sanctifica:
266 2187 302 2238 ut
316 2203 380 2258 quae
395 2182 452 2238 tibi
465 2186 517 2238 tuo
531 2188 616 2257 grata
630 2189 701 2240 sunt
722 2183 869 2252 instituto,
884 2184 1014 2257 gratiora
1027 2185 1101 2240 fiant
1115 2185 1280 2259 patrocinio

73 2263 278 2340 supplicantis.
322 2263 380 2320 Per
394 2264 565 2319 Dominum.

138 2345 210 2400 Alia
223 2343 345 2400 Secreta.

137 2424 267 2501 Suscipe,
290 2425 426 2497 Domine,
451 2424 597 2500 propitius
624 2426 787 2482 orationem
816 2430 956 2495 nostram,
986 2445 1052 2482 eum
1080 2426 1281 2482 oblationibus

75 2507 241 2563 hostiarum
256 2506 489 2581 superimpositis
503 2526 510 2576 3
539 2513 569 2563 et
582 2507 720 2581 martyris
735 2507 781 2562 tui
796 2506 934 2580 Praejecti
947 2506 1159 2580 deprecatione,
1174 2507 1280 2582 pietati

76 2595 137 2643 tuae
151 2587 257 2662 perfice
271 2587 417 2662 benignus
431 2592 572 2662 acceptas,
589 2593 619 2643 et
632 2587 790 2663 illamqua
804 2587 836 2642 in
852 2606 885 2642 eo
899 2587 1039 2662 flagravit
1051 2586 1168 2642 dilectio
1183 2588 1277 2658 fortis

76 2669 109 2724 in
123 2668 210 2724 nobis
223 2668 322 2743 aspira
335 2668 488 2743 benignus.
532 2668 590 2725 Per
605 2668 776 2725 Dominum.

140 2747 323 2806 Gaurataaio.
366 2749 475 2821 Amen,
492 2749 556 2805 dico
570 2749 660 2805 vobis.

140 2830 385 2886 Poatcoararaaia

139 2909 249 2968 Satiati
262 2910 385 2966 salutari
398 2911 546 2985 mysterio,
561 2929 736 2985 quaesumus,
760 2909 896 2978 Domine,
911 2915 946 2965 ut
959 2929 1012 2985 pro
1033 2911 1117 2967 nobis
1139 2911 1201 2985 ejus
1221 2930 1282 2966 non

76 2990 154 3048 desit
168 2992 274 3062 oratio,
290 2993 373 3066 cujus
386 3011 440 3047 nos
454 2991 571 3048 donasti
584 2991 748 3067 patrocinio
762 2991 928 3066 gubernari.
972 2991 1037 3047 Per.

140 3072 212 3128 Alia
226 3072 468 3128 Posteoaiaraaio.

140 3153 263 3224 Votiva‚
292 3153 430 3223 Domine,
457 3172 510 3228 pro
537 3153 617 3209 beati
644 3153 782 3228 martyris
805 3151 852 3208 tui
879 3151 1016 3226 Prrejecti
1043 3153 1177 3229 passione
1207 3153 1283 3209 dona

77 3233 283 3310 percepimus:
304 3253 479 3309 quaesumus
500 3240 535 3289 ut
556 3235 618 3308 ejus
632 3235 766 3308 precibus
781 3241 811 3290 et
824 3234 976 3310 praesentis
990 3233 1060 3290 vitre
1076 3235 1158 3290 nobis
1172 3233 1286 3310 pariter

78 3321 108 3370 ct
123 3321 242 3371 aeternae
256 3313 370 3371 tribuas
384 3316 514 3371 conferre
528 3315 700 3371 subsidium.
744 3315 809 3371 Per.

284 3455 397 3514 Sauorr
419 3456 603 3527 Porronnrr,
626 3473 786 3513 risurruis.
831 3453 891 3534 (vii.
910 3455 979 3512 Kal.
997 3455 1081 3533 Feb.)

143 3552 285 3626 Officium.
330 3553 495 3610 Laetabitur
505 3555 613 3628 justus

143 3634 253 3691 Oratio.
298 3633 418 3703 Praesta,
437 3653 611 3710 quaesumus,
626 3634 660 3690 ia
675 3633 839 3691 Coruraaai.

142 3715 286 3789 Epistola.
330 3714 486 3772 Testificor.

144 3795 280 3853 Gradalc.
324 3796 345 3852 J
348 3802 430 3852 ustus
444 3816 501 3852 non
518 3795 750 3852 conturbabitur.

143 3875 293 3951 Alleluya.
345 3877 372 3935 l'.
397 3877 534 3933 Posuisti.

144 3957 348 4031 [lacapeliaar.
391 3957 495 4014 Nolite
508 3957 655 4015 arbitrari.

147 4037 344 4110 Offcrtoriaaa
387 4037 490 4094 Gloria
504 4038 666 4094 ethonore.

147 4118 329 4176 Ooarazaaio.
373 4118 483 4196 Magna
497 4125 549 4177 est.

186 4268 298 4328 Snucrr
318 4270 340 4327 J
343 4286 459 4342 aarum,
481 4286 616 4328 nrrscorr
638 4285 675 4325 nr
697 4284 901 4327 cournssoms,
946 4267 996 4346 (vi.
1014 4266 1081 4324 Kal.
1101 4267 1184 4345 Feb.)

147 4364 286 4438 Officium.
332 4365 445 4423 Statuit
458 4367 492 4423 ei.

148 4447 257 4504 Oratio.
301 4447 358 4519 Da,
377 4466 550 4524 quaesumus.
