2910 4904
186 312 247 373 190
510 304 598 373 Ordo
621 304 667 369 ad
682 304 848 389 Jitcieurla
869 302 1061 389 Sporisaiia.

182 482 266 532 tuam
287 475 396 531 habeat
418 473 665 545 emendationem,
681 478 712 529 et
731 471 791 528 illis
813 471 952 529 omnibus
975 472 1027 547 qui
1050 470 1083 527 in
1104 476 1136 528 te
1155 468 1321 540 confidunt,
1335 488 1387 545 pro

183 566 236 612 tua
250 575 357 632 magna
371 554 484 631 pietate
498 573 642 611 succurre.
687 552 746 622 Qui
760 552 839 609 vivis
853 558 884 609 et
897 571 1003 627 regnas
1017 571 1085 610 cum
1099 550 1164 609 Deo
1179 550 1283 608 Patre.

246 649 370 707 Soaeta.

245 729 441 804 Omnipotens
461 727 639 804 sempiterne
660 727 752 797 Deus,
767 726 936 802 redemptor
949 726 1116 783 animarum
1130 724 1345 783 salvandarum
1358 730 1387 782 et

183 810 313 887 pretium
326 809 537 885 redemptionis
551 809 645 865 totius
657 808 774 884 generis
787 807 929 879 humani;
950 808 1089 865 miserere
1103 806 1269 864 clementer
1282 806 1386 864 anima

183 891 289 948 famuli
301 892 348 947 tui
362 890 400 948 N.
408 912 421 960 ,·
442 895 473 948 et
489 889 631 965 quicquid
645 890 797 959 vitiorum,
812 888 934 946 fallente
955 887 1071 946 diabolo
1092 894 1122 945 et
1142 887 1266 964 propria
1282 886 1387 965 iniqui·

184 979 255 1043 tate,
281 971 440 1044 contraxit,
467 977 503 1028 tu
525 972 593 1046 pius
614 977 645 1027 et
667 969 831 1027 misericors
859 969 962 1027 abluas
989 968 1192 1045 indulgendo,
1221 974 1253 1026 et
1277 973 1387 1027 terram

184 1073 273 1129 quam
287 1053 429 1128 sanguine
450 1052 569 1127 proprio
583 1051 733 1122 dedicasti,
749 1050 786 1108 de
799 1050 936 1107 manibus
957 1049 1147 1107 inimicorum
1167 1069 1221 1127 per
1240 1048 1387 1107 virtutem

184 1140 292 1190 sanctae
307 1133 401 1190 crucis
418 1133 534 1208 eripias,
549 1138 621 1189 vota
640 1132 771 1189 filiorum
790 1130 885 1188 Israel
905 1131 944 1189 ad
964 1133 1028 1208 ejus
1048 1129 1257 1188 liberationem
1278 1130 1387 1187 instan-

182 1216 262 1271 tium
285 1215 317 1271 in
340 1215 420 1271 viam
442 1213 548 1270 salutis
570 1222 689 1270 aeternae
711 1212 941 1269 misericorditer
962 1212 1124 1288 dirigendo.
1173 1211 1235 1281 Oui
1257 1211 1338 1267 vivis
1357 1218 1387 1269 et

186 1315 299 1372 regnas.

246 1387 491 1445 Postcorarauaio.

244 1469 336 1539 Deus,
351 1470 435 1545 cujus
455 1467 663 1525 misericordiae
683 1487 744 1524 non
764 1472 810 1524 est
831 1486 982 1539 numerus,
997 1466 1046 1524 cui
1064 1465 1121 1525 soli
1140 1466 1286 1543 competit
1298 1465 1387 1525 modi-

184 1551 281 1607 cinam
295 1556 434 1626 praestare
448 1555 514 1626 post
528 1555 664 1619 mortem,
678 1549 731 1624 qni
745 1567 776 1605 es
789 1548 854 1605 vita
868 1548 1045 1621 viventium,
1060 1567 1124 1624 spes
1138 1548 1343 1621 morientium,
1356 1552 1387 1605 et

180 1632 263 1688 salus
276 1632 411 1688 omnium
425 1631 457 1686 in
470 1637 501 1687 te
515 1630 708 1706 sperantium,
724 1629 777 1704 qui
789 1634 901 1686 terram
914 1629 1089 1687 hereditatis
1109 1634 1170 1685 tuae
1191 1648 1246 1705 per
1266 1635 1386 1705 peccata

183 1712 314 1769 filiorum
327 1712 408 1769 Esau
421 1711 567 1788 pollutam
580 1710 709 1786 pretioso
723 1710 865 1786 sanguine
878 1717 932 1767 tuo
943 1728 1111 1768 consecrare
1125 1709 1269 1785 dignatus
1282 1730 1333 1782 ως
1352 1714 1387 1768 tu

184 1793 314 1849 animam
327 1793 432 1850 famuli
445 1792 493 1849 tui
506 1791 546 1848 N.
559 1812 611 1868 per
624 1792 713 1866 hujus
727 1791 871 1848 virtutem
885 1791 1062 1849 sacramenti
1075 1810 1093 1847 a
1106 1791 1237 1866 peccatis
1251 1789 1389 1849 omnibus

184 1893 284 1944 exuas,
300 1880 330 1931 et
345 1894 362 1930 a
375 1873 468 1949 paenis
481 1892 554 1948 quas
568 1892 622 1948 pro
636 1873 683 1929 his
702 1878 833 1929 meretur
853 1872 978 1948 eripias,
999 1879 1029 1930 et
1043 1871 1186 1948 populum
1200 1871 1390 1931 incredulum

184 1974 217 2011 ac
231 1955 370 2012 rebellem
383 1974 437 2030 per
449 1955 576 2029 gratiam
589 1959 674 2010 tuam
687 1953 777 2010 facias
792 1953 966 2028 peculiarem
977 1973 985 2025 ;
1005 1953 1124 2029 illisque
1138 1952 1279 2011 omnibus
1291 1952 1390 2031 quiin

184 2041 238 2092 tua
257 2035 369 2110 pietate
390 2041 420 2092 et
440 2034 641 2092 misericordia
661 2034 824 2105 confidunt,
839 2054 961 2092 manum
982 2034 1089 2092 anxilii
1110 2033 1158 2091 tui
1178 2032 1313 2111 piissimo
1333 2034 1389 2093 lar·

183 2116 280 2191 giaris.
324 2115 384 2185 Oui
398 2116 475 2172 vivis
488 2121 519 2173 et
532 2134 637 2192 regnas
651 2135 718 2172 cum
733 2115 798 2172 Deo
816 2115 914 2172 Patre.

524 2343 613 2400 Osoo
633 2358 676 2398 an
698 2358 853 2399 ramosos
875 2341 1055 2399 sponsans.

246 2473 430 2533 Stataaatar
443 2473 489 2530 vir
503 2482 528 2530 et
541 2472 648 2530 arctior
661 2481 728 2529 ante
749 2472 856 2529 ostiara
877 2471 997 2529 ccclesia
1010 2491 1108 2529 corara
1121 2471 1184 2530 Deo
1198 2480 1225 2529 et
1237 2472 1391 2532 Sacerdote

185 2565 211 2613 et
220 2555 340 2631 popular,
351 2556 398 2612 air
410 2576 429 2612 a
441 2554 550 2612 dextris
562 2553 695 2611 mulieris
708 2562 734 2610 et
747 2553 853 2611 mulier
867 2574 887 2610 a
899 2552 1029 2610 sinistris
1042 2552 1108 2610 riri
1153 2553 1239 2612 Traia
1251 2553 1392 2613 Sacerdos

185 2637 339 2711 iatcrropct
360 2637 465 2708 banaa,
488 2644 514 2694 et
531 2644 632 2710 postea
652 2634 749 2691 dicat:
777 2633 935 2691 Admoneo
956 2653 1010 2691 vos
1032 2653 1142 2706 omnes,
1158 2640 1194 2692 ut
1215 2635 1245 2692 si
1265 2636 1335 2712 quis
1354 2654 1391 2693 cx

186 2718 270 2774 vobis
298 2723 343 2775 est
371 2717 422 2794 qui
449 2716 540 2788 aliud,
563 2726 589 2774 et
613 2724 712 2785 cetera,
737 2724 771 2771 at
795 2715 831 2772 ia
854 2715 914 2773 alio
938 2714 1017 2773 libro.
1068 2713 1181 2773 Finitis
1208 2716 1392 2775 orationibus

181 2799 340 2873 praedictis,
355 2798 586 2872 introductisque
609 2796 670 2854 iltis
693 2795 770 2853 irater
796 2796 905 2854 cleram
932 2805 958 2854 et
981 2796 1085 2854 Attare
1108 2816 1142 2854 aa
1161 2805 1250 2872 parte
1273 2796 1391 2857 adsta

184 2879 321 2949 castrati,
336 2889 362 2936 et
377 2887 487 2936 statuta
501 2878 621 2936 iactare
635 2879 676 2934 ad
689 2878 836 2935 dexteram
849 2877 915 2950 riri,
926 2877 1091 2953 iacilriatar
1104 2875 1201 2935 Missa
1213 2878 1391 2937 sollcraaitcr

183 2961 220 3017 ‹te
236 2959 391 3018 Trinitate.

251 3051 391 3126 Officium.

247 3133 408 3189 Benedicta
428 3132 467 3189 sit
486 3133 595 3190 Sancta
616 3131 748 3188 Trinitas
768 3138 858 3208 atque
878 3131 1009 3190 indivisa
1030 3131 1160 3190 Unitas:
1182 3133 1391 3193 confitebimur

183 3214 221 3285 ci,
237 3214 310 3289 quia
323 3214 394 3272 fecit
409 3214 563 3270 nobiscum
576 3213 808 3270 misericordiam
822 3232 913 3270 auam.

248 3306 460 3445 dididiiimus
475 3386 596 3444 Patrem
611 3392 641 3444 et
655 3385 767 3443 Filium
781 3406 849 3443 cum
864 3386 972 3444 Sancto
986 3386 1109 3464 Spiritu.

247 3468 350 3527 Gloria
362 3468 395 3525 in
408 3469 530 3525 excelsis
544 3469 617 3525 Deo.

251 3561 361 3620 Oratio.

249 3643 445 3718 Omnipotens
460 3643 638 3718 sempiterne
659 3641 750 3711 Deae,
766 3642 818 3718 qni
832 3641 941 3699 dedisti
954 3641 1072 3699 famulis
1087 3642 1148 3701 tuis
1161 3642 1195 3699 in
1208 3642 1393 3705 confessione

187 3744 263 3781 vcrae
278 3724 349 3780 fidei
362 3728 478 3781 aeternae
493 3723 650 3780 Trinitatis
663 3722 789 3798 gloriam
807 3742 973 3798 agnoscere,
988 3733 1019 3779 et
1033 3724 1063 3779 iu
1079 3724 1213 3799 potentia
1227 3726 1394 3803 majestatis

186 3807 309 3863 adorare
330 3804 489 3862 Unitatem
499 3825 507 3876 5
528 3824 705 3879 quaesumus,
723 3811 757 3860 ut
778 3804 909 3879 ejusdem
930 3804 1000 3862 fidei
1021 3804 1174 3878 firmitate,
1192 3806 1232 3863 ab
1254 3808 1394 3865 omnibus

185 3907 305 3962 semper
318 3886 489 3942 muniamur
503 3885 642 3942 adversis.

250 3980 322 4036 Alia
337 3978 439 4037 Oratio
453 3979 505 4036 aab
520 3980 615 4036 codem
629 3977 813 4036 coactasioae.

250 4060 370 4117 Exaudi
390 4079 452 4131 nos,
469 4060 654 4135 omnipotens
675 4069 705 4115 et
725 4059 890 4116 misericors
911 4058 1012 4133 Deus,
1032 4068 1068 4117 ut
1081 4060 1160 4136 quod
1174 4068 1280 4121 nostro
1293 4062 1395 4123 minia-

189 4148 287 4199 tratur
301 4141 406 4214 officie,
421 4147 475 4198 tua
487 4139 691 4197 benedictione
704 4141 803 4216 potius
816 4140 983 4217 impleatur.
1027 4141 1086 4199 Per
1099 4141 1274 4203 Dominum.

250 4234 299 4292 aa
315 4233 484 4293 amarias
496 4234 533 4308 (1
550 4254 574 4290 a.
595 4232 709 4308 15-20).

250 4317 387 4374 Fratres:
416 4313 547 4372 Nescitis
571 4313 711 4390 quoniam
734 4333 856 4389 corpora
879 4320 979 4373 vestra
1006 4317 1139 4376 membra
1162 4324 1235 4378 sunt
1260 4319 1395 4381 curarit

189 4418 279 4472 usqae
292 4398 334 4454 ad
346 4397 507 4472 glorificate
522 4403 552 4452 et
565 4400 681 4471 port-ato
696 4395 795 4453 Deum
809 4397 841 4452 in
855 4415 974 4473 corpore
988 4405 1094 4456 vestro.
