2910 4904
593 299 691 368 Festo
714 300 874 387 Augusti.

189 467 389 606 gffertortam.
431 467 471 526 In
484 486 603 527 omnem
615 473 734 527 terram.

212 559 312 610 ecreto.

190 628 279 688 Beati
306 628 433 706 apostoli
462 630 509 687 tui
536 628 756 702 Bartholomaei,
789 629 926 700 Domine,
954 629 1107 688 sollemnia
1140 637 1333 700 recensentes,

129 729 305 786 quaesumus,
321 715 357 767 ut
370 709 484 767 auxilio
503 711 566 787 ejus
583 717 637 769 tua
654 710 796 770 beneficia
816 710 973 788 capiamus,
988 730 1042 788 pro
1064 731 1122 788 quo
1145 712 1202 769 tibi
1223 712 1334 770 hostias

129 790 225 848 laudis
240 791 397 850 offerimus.
440 791 507 849 Per.

188 870 262 929 Alio
275 871 396 931 Secreto.

189 952 307 1024 Oblata,
324 951 461 1025 Domine,
476 971 599 1010 munera
612 951 707 1010 fidelis
719 953 823 1030 populi
838 953 953 1011 meritis
970 953 1133 1011 beatissimi
1149 953 1270 1030 patroni
1287 953 1334 1010 sui
1435 988 1437 991 -

131 1032 271 1091 Audocni
284 1034 341 1090 tibi
358 1034 521 1091 reddantur
538 1039 665 1110 accepta,
685 1039 720 1092 ut
737 1034 776 1091 ab
799 1034 880 1091 omni
901 1035 1074 1111 contagione
1095 1035 1208 1111 peccati
1229 1034 1357 1118 iisdem·

131 1114 237 1190 quibus
249 1113 429 1172 famulamur
441 1115 588 1191 mysteriis
602 1114 762 1173 clementer
774 1115 929 1174 emundari
942 1135 1115 1175 mereamur.
1166 1115 1232 1174 Per.

190 1193 374 1255 Coruncanio.
417 1194 482 1253 Vos
501 1195 555 1273 qui
574 1196 676 1255 secuti.

188 1275 431 1335 Poatoommuaa'o.

189 1356 384 1433 Sumpsimus,
397 1356 534 1430 Domine,
545 1357 653 1435 pignus
663 1356 767 1415 salutis
781 1362 898 1415 aeternae
909 1357 1088 1416 celebrantes
1102 1357 1182 1416 beati
1195 1357 1333 1415 Barthol-

130 1437 213 1494 omaei
240 1438 366 1514 apostoli
395 1437 442 1496 tui
465 1439 568 1497 votiva
592 1438 752 1510 sollemnia,
776 1445 806 1497 et
833 1445 977 1516 perpetua
1003 1440 1109 1497 merita
1132 1436 1335 1496 venerantes*

130 1517 187 1576 Per
207 1517 381 1581 Dominum.

188 1596 263 1656 Alio
282 1598 524 1659 Postcommuuio.

187 1679 303 1738 Mensae
323 1680 446 1738 caelestis
466 1679 692 1757 participatione
712 1681 850 1758 vegetati,
869 1681 1014 1757 supplices
1031 1687 1062 1738 te
1080 1699 1225 1758 rogamus,
1241 1681 1334 1738 omni-

128 1764 233 1836 potens
253 1761 344 1834 Deus,
360 1767 395 1819 ut
412 1762 489 1819 sicut
508 1762 545 1819 de
565 1761 646 1819 beati
668 1761 811 1819 Audoeni
831 1768 974 1839 perpetua
998 1762 1210 1840 glorificatione
1234 1780 1334 1818 annua

128 1841 299 1900 celebritate
311 1842 480 1919 gaudemus,
494 1843 538 1899 ita
551 1843 645 1919 ipsius
658 1842 738 1919 apud
750 1848 781 1900 te
795 1842 1005 1900 intercessione
1018 1843 1056 1900 ab
1071 1843 1153 1900 omni
1167 1861 1335 1900 mereamur

128 1921 306 1981 adversitate
320 1923 446 1982 defendi.
489 1923 556 1981 Per.

351 2129 479 2188 Sanora
499 2128 623 2202 Hunis,
646 2145 789 2187 uacuus.
834 2128 909 2208 (viii.
926 2127 997 2187 Kal.
1015 2128 1110 2207 Sept.)

191 2264 332 2340 Officium.
376 2265 527 2324 Dilexisti.

191 2346 302 2406 Oratio.
346 2346 541 2423 Omnipotens
555 2346 740 2423 sempiterne.

182 2424 335 2565 {Concede
344 2447 407 2499 noe,
419 2447 597 2503 quaesumus,
609 2426 795 2503 omnipotens
807 2426 898 2497 Deus,
910 2432 946 2484 ut
956 2427 1009 2503 qui
1019 2426 1225 2484 translationis
1238 2427 1332 2485 beatae

125 2508 181 2566 Hil
203 2528 229 2565 ae
249 2508 375 2586 virginis
399 2514 459 2565 tuae
486 2528 587 2566 annua
606 2508 805 2566 sollemnitate
825 2508 970 2580 laetamur,
993 2507 1059 2583 ipsa
1082 2506 1294 2581 intercedente,
1314 2527 1333 2564 a

123 2590 323 2648 vetustatem
335 2590 502 2647 novitatem
515 2589 586 2646 vitae
601 2588 821 2648 transferamur.
865 2589 924 2646 Per
938 2588 1220 2648 Dominum-MS.
1236 2586 1291 2668 A.]

184 2670 330 2746 Epistola.
374 2670 434 2739 Qui
447 2671 601 2747 gloriatur.

186 2749 323 2810 Gradole.
366 2751 520 2810 Dilexisti.

185 2832 337 2908 Alleluya.
388 2832 587 2891 KAEmulor.
1143 2861 1145 2865 ⁷

186 2912 390 2988 anrtpelc'um.
434 2913 538 2971 Simile
552 2919 597 2970 est
609 2931 735 2990 regnum
748 2911 885 2970 caelorum
899 2912 1000 2970 decem
1013 2910 1188 2989 virginibus.

191 2993 385 3067 offertorium.
428 2993 514 3051 Filiae
527 3013 639 3071 regum.

184 3072 309 3133 Secreto.

186 3151 327 3235 [Hostias
342 3155 406 3228 tibi,
423 3155 562 3228 Domine,
577 3155 735 3213 deferimus
748 3153 951 3224 immolandas,
968 3173 1034 3230 quae
1047 3153 1224 3231 'pepmerita
1237 3153 1332 3210 beatae

129 3233 252 3313 virginis
284 3235 386 3293 Hildae
417 3255 472 3294 nos
508 3242 567 3294 tuae
601 3235 808 3294 misericordiae
840 3234 1045 3292 reconciliatos
1066 3216 1205 3293 bostiam
1232 3234 1332 3292 vivam

128 3315 240 3393 tibique
254 3317 420 3393 placentam
434 3317 569 3375 efficiant.
613 3317 672 3374 Per
685 3314 968 3374 Dominum-MS.
984 3313 1039 3395 A.]

187 3397 372 3456 Coruncanio.
416 3398 556 3475 Quinque
569 3398 739 3475 prudentes.

185 3478 430 3536 Poatcommaaio.

201 3558 334 3617 Caelestis
348 3559 480 3618 convivii
499 3558 702 3618 benedictione
723 3564 861 3636 percepta
873 3563 913 3628 te,
927 3557 1066 3631 Domine,
1083 3557 1282 3634 deprecamur,
1297 3561 1332 3613 ut

136 3655 169 3714 qu
218 3640 306 3698 nobis
327 3646 372 3698 est
391 3646 618 3712 sacramentum,
633 3640 835 3698 intercedente
849 3639 936 3696 beata
949 3637 1066 3718 virgine
1080 3637 1184 3712 Hilda,
1199 3638 1332 3697 conferat

137 3719 231 3779 salutis
244 3721 392 3781 effectum.
436 3721 495 3779 Per
508 3721 789 3780 Dominum-MS.
805 3717 860 3800 A]

376 3936 490 3998 Saron
511 3936 604 4009 Ruri,
626 3950 788 3995 naarrms.
833 3933 884 4014 (vi.
900 3931 972 3993 Kal.
987 3931 1084 4012 Sept.)

194 4076 329 4151 θβίσὶπηι
373 4076 395 4135 J
397 4081 483 4134 ustus
496 4081 531 4134 ut
545 4075 644 4152 palma
657 4073 784 4132 florebit.

191 4157 312 4313 iiiiii,
336 4236 476 4312 Domine,
501 4235 768 4316 supplicationibus
791 4232 910 4307 nostris,
935 4239 971 4292 ut
994 4233 1076 4293 beati
1100 4233 1172 4292 Rufi
1193 4232 1331 4290 interces-
1356 4198 1358 4201 .

153 4391 204 4496 neh}
209 4393 368 4500 3083?th
374 4392 435 4440 Edd.
467 4391 520 4440 rue
530 4391 649 4439 Hereford
659 4390 745 4439 Missal
754 4391 814 4437 adds
823 4389 864 4436 the
873 4389 954 4435 words
966 4393 981 4418 “
990 4402 1136 4449 quaesumus,
1146 4392 1174 4436 ut
1187 4387 1258 4435 nobis
1273 4400 1329 4446 pro-
