2910 4904
638 316 640 320 '
659 304 775 372 Prucoe.

364 466 474 526 Vincla
487 487 591 544 rumpe
605 471 700 530 hostis
712 471 797 544 dira;

364 546 478 606 (lancta
491 550 592 625 procul
606 553 690 610 aufer
702 553 791 611 noxia
802 573 811 626 3

363 628 482 687 Mansio
496 636 532 688 ut
544 637 597 688 tua

363 709 440 767 Mite
453 730 507 786 per
518 718 652 789 tempora

362 789 467 849 (lerdis
480 795 575 851 nostri
588 795 699 871 templo
713 796 775 854 fiat.

667 996 766 1056 LXV.

259 1122 352 1181 Proca
365 1125 406 1181 ad
418 1123 575 1200 Sequentia
588 1125 728 1183 Adorabo
741 1126 845 1184 minor.

260 1215 408 1293 Alleluya.

198 1310 368 1369 Anaunion
387 1326 501 1368 nouum
520 1309 718 1387 pulcherrima

199 1392 284 1450 Celsa
297 1390 442 1468 praeconia

198 1473 317 1531 Christo
326 1471 459 1548 jubilant
471 1472 504 1529 in
518 1470 609 1530 aethre
622 1471 741 1530 assidua
752 1492 760 1545 ;

198 1554 257 1624 Qui
271 1553 385 1611 excelso
398 1573 451 1609 rex
465 1553 556 1629 pollet
569 1553 642 1611 ¹nolio
655 1559 778 1630 paterna
787 1552 820 1610 in
833 1553 975 1627 dextera3

198 1635 339 1693 Davitica
352 1653 439 1709 quem
453 1635 536 1709 virgo
551 1634 650 1691 Maria
662 1635 766 1709 genuit
780 1634 962 1707 castissima5

156 1773 159 1777 .
196 1715 227 1773 N
230 1736 262 1772 os
274 1714 401 1791 supplici
413 1714 628 1772 conclamamus
641 1716 688 1771 cui
702 1714 797 1791 gloria

196 1796 343 1854 Melliflua
355 1796 483 1872 pretiosa
495 1796 583 1853 modo
596 1796 734 1856 carmina.

197 1877 314 1934 Christe
327 1896 380 1934 rex
393 1877 526 1934 rutilans.

195 1957 324 2034 Suscipe,
339 1956 404 2014 laus
417 1957 596 2034 angelorum,
611 1956 734 2014 laudum
747 1957 879 2015 carmina
891 1957 967 2029 lata,

195 2038 255 2096 Pro
268 2044 323 2095 tue
334 2038 477 2095 immensa
490 2039 588 2114 gratia

193 2119 293 2191 Prece,
309 2125 380 2176 voto
393 2119 527 2195 supplici,
542 2124 643 2176 nostra
656 2138 721 2195 quae
734 2118 834 2176 mittit
846 2125 965 2178 caterva

194 2201 321 2258 (lernua.

192 2281 252 2339 Pro
266 2300 325 2357 qua
337 2279 435 2357 patria
447 2280 509 2338 coeli
523 2279 637 2356 fulgida
649 2280 838 2339 descenderas
850 2300 923 2339 arva
934 2281 972 2339 ed
986 2281 1049 2340 hac
1061 2282 1173 2357 infima,

192 2362 240 2421 Ut
253 2368 307 2419 noa
320 2362 472 2438 sanguinis
484 2361 531 2418 tui
544 2362 641 2437 pretio
654 2361 807 2419 reduceres
819 2362 928 2438 gaudia
939 2362 977 2420 ad
987 2376 1102 2439 supera.

193 2443 380 2519 Quapropter
392 2443 448 2499 tibi
462 2448 547 2519 grata
560 2462 619 2499 vox
633 2442 729 2500 omnis
742 2442 895 2500 dulcisona
907 2443 959 2500 det
972 2446 1095 2519 cantica,

192 2524 319 2600 Oalttiva
332 2524 384 2599 qui
397 2523 502 2581 eaecula
515 2524 609 2581 crucis
622 2543 675 2600 per
688 2524 828 2599 mysteria
840 2524 1010 2583 redemeraa

192 2605 304 2664 Nostra
317 2624 434 2680 quoque
447 2624 527 2661 nnnc
539 2611 610 2661 vota
623 2610 688 2662 tota
702 2604 810 2662 devota

192 2686 275 2745 Voce
288 2705 382 2762 prona
395 2693 552 2761 menteque
566 2705 640 2761 pura
653 2691 684 2742 et
697 2691 777 2743 casta

192 2767 327 2825 (lonsona
339 2767 433 2842 gloria

192 2847 234 2906 Te
248 2847 434 2919 conlaudant,
451 2847 584 2918 adorant,
600 2853 701 2905 nancte
714 2867 776 2918 rex,
790 2846 822 2904 in
837 2847 892 2905 hac
905 2847 994 2906 aula:

193 2929 259 2999 Qua
272 2948 326 2986 nos
340 2934 391 2985 tna
405 2929 473 2985 audi
488 2927 652 3000 clementia,
687 2953 688 2957 ¹

192 3010 314 3086 Noeque
326 3008 497 3080 corrobora3

190 3091 232 3148 Et
246 3092 322 3148 dona
335 3109 387 3165 per
400 3089 505 3147 saecula
518 3097 618 3147 sancta
627 3089 817 3147 tabernacula
829 3089 998 3166 sidereaque
1007 3092 1111 3148 sancta
1119 3096 1150 3149 ct·
1161 3090 1276 3167 pulchra

190 3171 255 3228 Nos
267 3170 393 3228 leliciter
405 3170 542 3228 scandere
552 3178 619 3246 post
630 3177 752 3228 mortem
767 3177 870 3228 sancta
882 3171 1030 3228 virtutum
1042 3170 1135 3247 digna
1146 3190 1268 3231 corona:

189 3251 254 3310 Ubi
267 3271 356 3308 aurea
369 3260 399 3308 te
412 3253 531 3321 agmina
544 3248 655 3308 cuncta
663 3258 787 3309 cantant
799 3271 854 3328 per
865 3271 939 3309 arra
952 3257 1018 3309 tota
1030 3259 1144 3310 aterna

188 3332 309 3408 Regem,
324 3333 369 3408 cuj
374 3353 407 3389 us
421 3333 505 3390 almae
518 3333 618 3408 gloriae
632 3351 756 3408 quaeque
769 3332 903 3389 serviunt
915 3351 968 3408 per
980 3332 1088 3391 saeeula
1101 3332 1229 3405 condite,

188 3412 314 3484 Christe,
329 3432 395 3489 quae
409 3433 462 3470 rex
476 3434 574 3490 regum
590 3414 702 3489 inclyta
715 3413 860 3489 sapientia
871 3419 925 3471 tua
932 3414 997 3490 jam
1009 3413 1222 3492 plasmaverat:

188 3494 245 3552 Oui
258 3494 352 3572 gloria
364 3496 404 3552 sit
416 3515 493 3552 nunc
506 3502 538 3552 et
550 3515 603 3571 per
615 3494 721 3552 saecula
734 3502 854 3552 aeterna,

647 3688 764 3746 LXVI.

530 3810 592 3890 (Du
611 3808 888 3889 Rusunuucrmru.)

246 3931 343 3989 Proca
355 3930 397 3989 od
408 3930 565 4005 Sequentia
579 3929 678 3987 Berta.

248 4025 396 4100 Allcluyn.

187 4121 278 4179 Auca
297 4136 404 4177 sUnfflA

186 4201 262 4260 Ecce
276 4202 357 4277 plebs
371 4218 460 4257 aurea
472 4197 599 4255 rutilans
612 4194 746 4273 gloriosa,

186 4285 272 4340 stola
280 4286 449 4355 incorrupta
464 4279 588 4355 praedita
601 4288 632 4335 et
644 4296 752 4334 corona
764 4274 952 4351 sempiterna,

186 4363 282 4434 Quam
305 4365 355 4419 lux
380 4362 523 4419 immensa
544 4360 646 4436 replet,
667 4356 746 4416 alma
767 4376 826 4435 pax
849 4362 880 4414 et
907 4353 1039 4432 perfecta
1059 4352 1177 4431 prabet
1197 4348 1293 4433 gutli

266 4444 390 4502 infinita
