2910 4904
490 300 665 368 Orationes
682 324 748 388 pro
770 302 955 390 Defieaotis.
1264 304 1326 364 185
1393 338 1398 354 ·

185 468 354 528 Secuudrem
367 467 534 526 Jobaamm
547 469 599 545 (oi.
618 470 733 546 37-40).

184 551 225 607 In
248 550 301 606 illo
323 556 463 625 tempore,
480 549 569 607 Dixit
592 550 614 607 J
616 570 682 608 esus
706 551 857 628 discipulis
881 551 993 608 suiset
1017 551 1114 608 turbis
1134 549 1308 609 Judaeorum
1320 567 1329 620 ;

125 630 223 689 Omne
236 630 315 707 quod
330 631 381 687 dat
395 631 470 687 mihi
483 631 574 688 Pater
587 652 677 707 usque
691 634 732 690 ad
746 633 787 688 Et
797 653 850 709 ego
860 633 1040 690 resuscitabo
1050 651 1117 689 eum
1125 631 1158 687 in
1169 630 1329 687 novissimo

126 711 182 770 die.

186 792 209 849 I
206 813 229 850 a
242 792 509 851 commemoratione
520 793 650 868 generali
663 794 775 852 dicitur
788 794 870 852 istud
883 794 1070 870 eoaupeiium.

187 873 357 932 Secundum
371 873 537 933 Jobauuem
550 874 592 949 (a.
610 875 725 952 24-29).

189 954 230 1012 In
243 955 295 1011 illo
319 960 459 1030 tempore,
485 955 574 1012 Dixit
595 956 617 1013 J
619 975 683 1012 esus
707 956 859 1033 discipulis
880 957 941 1013 suis
963 962 994 1013 et
1016 955 1113 1013 turbis
1134 954 1309 1012 Judaeoium
1320 971 1330 1024 ;

126 1038 237 1106 Amen,
252 1055 347 1108 amen,
366 1035 431 1092 dico
454 1036 547 1108 vobis,
561 1037 631 1112 quia
652 1037 705 1112 qui
731 1038 856 1094 verbum
878 1057 976 1095 meum
999 1037 1084 1094 audit
1105 1056 1195 1112 usque
1218 1036 1259 1092 ad
1279 1033 1332 1109 qui

126 1137 197 1174 vero
211 1116 289 1173 mala
302 1122 426 1192 egerunt
439 1116 472 1172 in
485 1117 727 1175 resurrectionem
737 1118 851 1195 judicii.

189 1196 232 1255 Iu
245 1196 369 1255 obicibus
376 1217 434 1272 pro
448 1197 596 1256 sacerdote

189 1279 358 1338 Secundum
372 1278 537 1338 Jobauuem
554 1280 610 1355 (oi.
627 1279 675 1350 53,
691 1279 755 1357 54).

189 1358 230 1416 In
257 1358 309 1416 illo
336 1365 477 1434 tempore,
503 1359 592 1417 Dixit
614 1361 703 1418 Jesus
722 1360 873 1436 discipulis
886 1360 947 1418 suis
960 1367 991 1418 et
1014 1360 1112 1419 turbis
1133 1360 1154 1417 J
1159 1361 1333 1430 udaeorum

128 1443 231 1498 Amen
245 1459 335 1516 usque
348 1440 409 1497 ad
400 1460 433 1497 1n
446 1441 607 1498 novissimo
621 1441 676 1498 die.
919 1459 922 1463 ·

189 1520 233 1578 Iu
246 1521 560 1579 commemorationibus
572 1522 759 1596 pectoralibus.

191 1602 360 1661 Secundum
373 1601 540 1661 Jobauuem
553 1602 595 1679 (o.
613 1604 727 1680 21-24).

191 1684 231 1740 In
255 1683 307 1740 illo
330 1689 469 1760 tempore,
496 1684 584 1741 Dixit
612 1684 700 1742 Jesus
723 1684 873 1760 discipulis
895 1685 956 1742 suis
967 1705 976 1757 3
996 1684 1081 1743 Sicut
1106 1684 1196 1742 Pater
1209 1684 1334 1742 suscitat

130 1771 263 1822 mortuos
277 1784 367 1839 usque
380 1766 421 1822 ad
434 1765 484 1822 sed
496 1766 622 1822 transiet
635 1785 653 1822 a
666 1772 761 1823 morte
774 1766 807 1821 in
821 1765 922 1824 vitam.

193 1845 216 1902 I
214 1866 236 1902 a
249 1845 371 1904 obitibua
380 1866 438 1921 pro
452 1845 587 1921 episcopo.

192 1926 361 1986 Secundum
381 1925 547 1984 Joltameem
561 1926 615 2003 (oi.
632 1926 749 2001 51-55)

194 2008 234 2063 In
247 2007 300 2064 illo
313 2013 453 2084 tempore,
469 2007 558 2064 Dixit
571 2009 593 2066 J
594 2028 660 2065 esus
674 2008 769 2066 turbis
782 2007 955 2066 ludaeorum
962 2028 970 2080 ς
984 2009 1048 2085 Ego
1063 2029 1129 2066 sum
1142 2008 1227 2087 panis
1241 2009 1335 2066 vivus.

133 2089 167 2147 Si
181 2089 248 2164 quis
262 2089 484 2146 manducaverit
498 2109 535 2146 ex
545 2089 600 2146 hoc
610 2109 694 2165 pane,
706 2090 790 2146 vivet
803 2089 835 2146 in
846 2096 998 2147 aeternum.
1035 2091 1077 2147 Et
1090 2091 1175 2166 panis
1185 2110 1272 2166 quem
1285 2109 1337 2166 ego

132 2170 219 2239 deba,
234 2189 302 2227 caro
316 2190 379 2226 mea
393 2176 439 2226 est
452 2190 505 2245 pro
519 2171 623 2227 mundi
636 2171 708 2229 vita.
751 2170 925 2246 Litigabant
945 2191 1014 2246 ergo
1034 2171 1056 2228 J
1058 2171 1143 2243 udaei,
1160 2173 1198 2228 ad
1212 2171 1339 2227 invicem

134 2251 267 2308 dicentes
283 2272 288 2307 :
314 2250 466 2319 Quomodo
480 2257 577 2326 potest
590 2251 638 2308 hic
659 2271 776 2308 carnem
798 2271 882 2308 suam
906 2252 975 2309 dare
997 2252 1082 2309 uobis
1106 2251 1143 2308 ad
1164 2252 1340 2308 manducan-

135 2331 229 2389 duml
270 2330 359 2390 Dixit
377 2351 445 2408 ergo
466 2333 508 2389 eis
525 2332 546 2389 J
548 2352 614 2389 esus
628 2354 634 2390 :
656 2332 764 2402 Amen,
780 2352 875 2402 amen,
891 2332 956 2389 dico
975 2334 1078 2389 vobis:
1101 2333 1171 2389 Nisi
1184 2332 1340 2389 manduea-

135 2412 241 2470 veritis
259 2432 377 2469 carnem
395 2412 468 2469 Filii
484 2412 622 2486 hominis,
638 2419 668 2470 et
682 2413 816 2470 biberitis
837 2414 900 2489 ejus
918 2412 1100 2488 sanguinem,
1114 2433 1175 2470 non
1193 2412 1341 2470 habebitis

135 2493 231 2550 vitam
245 2495 278 2549 in
291 2493 383 2551 vobis,
428 2494 486 2563 Qui
500 2495 659 2551 manducat
673 2514 767 2551 meam
778 2514 904 2565 carnem,
916 2500 947 2550 et
960 2495 1036 2550 bibit
1047 2514 1145 2551 meum
1154 2495 1336 2569 sanguinem,

135 2574 226 2631 habet
240 2576 335 2631 vitam
349 2581 507 2647 aeternam,
530 2581 560 2632 et
574 2595 626 2651 ego
640 2575 819 2633 resuscitabo
831 2595 898 2632 eum
912 2575 944 2631 in
958 2575 1118 2632 novissimo
1132 2575 1187 2632 die.

451 2771 515 2828 Pro
536 2787 762 2829 nrmveaslmo
783 2771 1026 2830 Dusuucroauu.

201 2854 311 2913 Oratio.

201 2935 323 3004 Praesta,
335 2953 511 3010 quaesumus,
525 2934 662 3004 Domine,
673 2940 708 2990 ut
719 2933 819 2990 anima
828 2932 934 2990 famuli
947 2933 1002 3005 tui,
1015 2933 1099 3009 cujus
1109 2930 1344 2990 anniversarium

140 3015 332 3092 depositionis
361 3015 439 3071 diem
468 3015 632 3084 recolimus
658 3015 790 3071 omnium
820 3021 946 3090 purgata
979 3013 1123 3089 contagiis
1157 3020 1343 3091 peccatorum

138 3097 358 3172 indulgentiam
371 3096 482 3172 pariter
496 3103 527 3152 et
540 3096 672 3171 requiem
685 3096 782 3172 capiat
796 3097 1011 3172 sempiternam.
1055 3094 1120 3153 Per.

200 3178 320 3236 Secreta.

205 3259 380 3334 Propitiare,
403 3257 670 3333 supplicationibus
690 3258 808 3328 nostris,
832 3257 969 3329 Domine,
990 3277 1044 3333 pro
1058 3256 1157 3314 anima
1171 3256 1277 3313 famuli
1291 3256 1344 3329 tui,

139 3342 225 3417 cujus
243 3339 331 3397 hodie
352 3359 453 3395 annua
471 3339 533 3394 dies
554 3340 673 3415 agitur3
693 3359 746 3415 pro
766 3360 825 3415 qua
843 3340 900 3396 tibi
921 3339 1070 3395 offerimus
1090 3337 1187 3394 laudis
1208 3337 1345 3409 hostiam,

142 3429 177 3479 ut
192 3441 261 3478 eum
275 3426 443 3478 sanctorum
458 3425 579 3476 tuorum
593 3421 740 3477 consortio
755 3421 865 3478 sociare
879 3420 1016 3496 digneris.
1060 3418 1119 3476 Per
1133 3418 1304 3478 Dominum.

204 3500 448 3560 Posteommuuio.
516 3528 524 3544 r

206 3583 335 3658 Suscipe,
361 3582 499 3652 Domine,
523 3601 623 3658 preces
645 3588 761 3639 nostras
783 3601 837 3657 pro
859 3581 958 3638 anima
977 3580 1082 3637 famuli
1095 3581 1151 3654 tui,
1166 3582 1250 3657 cujus
1263 3580 1348 3636 anni·

143 3664 308 3721 versarium
324 3663 517 3738 depositionis
532 3663 611 3719 diem
625 3663 811 3734 celebramus,
829 3667 864 3719 ut
878 3663 903 3718 si
917 3682 982 3737 quae
996 3662 1023 3718 ei
1036 3663 1158 3718 maculae
1172 3663 1208 3718 de
1222 3662 1348 3718 terrenis

144 3744 289 3820 contagiis
316 3744 511 3815 adhaeserunt,
540 3744 720 3801 remissionis
754 3751 813 3800 tuae
846 3742 1046 3800 misericordia
1076 3742 1237 3802 deleantur.
1291 3743 1350 3799 Per

144 3826 317 3883 Dominum.

539 3946 605 4004 Pao
627 3947 775 4004 Errsooro
796 3963 964 4004 enecuere.

209 4027 319 4086 Oratio.

208 4109 299 4178 Deus,
329 4107 381 4183 qui
407 4108 487 4165 inter
510 4107 684 4245 apostolicos
712 4108 875 4165 sacerdotes
902 4108 1047 4165 famulum
1073 4114 1161 4164 tuum
1187 4107 1350 4183 pontificali

145 4191 293 4282 dignitate
307 4208 418 4246 censeri
409 4189 544 4246 ''fecist1
536 4195 654 4264 ,praest
655 4209 680 4259 a,
696 4208 871 4264 quaesumus,
887 4195 922 4246 ut
936 4209 1062 4264 quorum
1075 4189 1170 4245 vicem
1184 4189 1304 4263 gerebat
1317 4188 1350 4245 in

145 4272 243 4342 terris,
260 4288 362 4328 eorum
375 4277 517 4347 perpetuo
532 4269 678 4326 consortio
692 4269 832 4327 laetetur
824 4289 856 4325 m
871 4270 956 4327 caelis.
995 4270 1065 4326 Per.

208 4351 329 4410 Secreta.

209 4433 340 4509 Suscipe,
367 4451 542 4507 quaesumus,
569 4432 706 4502 Domine,
732 4451 786 4507 pro
803 4432 903 4489 anima
926 4431 1031 4489 famuli
1057 4431 1104 4489 tui
1124 4431 1254 4509 episcopi
1277 4451 1352 4508 quas
