2910 4904
498 251 594 319 Festo
615 251 817 318 Novembris.

122 419 256 478 Grudub.
299 418 452 495 Requiem.

66 499 97 560 V.
119 501 261 558 Absolve.

121 583 253 640 Tractus.
294 580 341 639 De
355 580 517 657 profundis.

120 662 320 737 Evertqelium.
374 661 449 719 Oum
472 660 587 719 venerit
611 660 705 717 Filius
732 661 869 735 hominis,
894 681 989 736 qeaere
1012 660 1101 720 Ferte
1128 663 1254 721 11111111

56 742 163 818 potmoe
176 742 357 801 hebdomadae
373 742 614 816 Quadrupese'mae.

122 823 313 898 Offertortrun.
356 823 484 880 Domine
497 823 519 880 J
521 841 571 879 esu
586 822 709 881 Christe.

67 903 96 962 V.
119 904 252 962 Hostias.

119 985 272 1060 Sequatur.
315 984 409 1061 Opie.

118 1066 239 1124 Secreta.
276 1064 408 1135 Hostias,
424 1083 599 1141 quaesumus,
614 1064 752 1135 Domine,
767 1084 840 1140 ques
853 1065 917 1135 tibi.

119 1145 298 1205 Oornmum'o.
341 1146 410 1202 Lux
424 1152 540 1202 aeterna.

117 1227 360 1285 Posteommuoio.
402 1227 578 1296 Animabus,
593 1244 769 1300 quaesumus,
785 1225 920 1285 Domine.

98 1419 285 1478 Sinorosuu
305 1434 479 1476 urrunnun
499 1418 679 1489 Eusrienu,
701 1433 923 1486 sociosuuoun.
966 1416 1018 1494 (iii.
1035 1417 1113 1477 Non.
1130 1418 1221 1499 Nov.)

120 1551 260 1643 Officium.
305 1550 411 1608 Multae
424 1549 636 1608 tribulationes

118 1632 277 1787 3111111ἶο111
291 1712 410 1769 beatum
424 1712 618 1769 Eustachium
631 1712 664 1768 in
677 1711 893 1770 tentationibus
906 1712 1038 1788 probasti
1052 1718 1082 1771 et
1094 1714 1253 1789 probatum
1340 1698 1343 1704 Ι

58 1793 217 1864 coronasti3
230 1792 322 1868 ipsius
337 1793 538 1869 sociorumque
552 1795 616 1869 ejus
628 1793 743 1850 meritis
751 1794 784 1849 in
792 1793 928 1850 omnibus
938 1794 1153 1852 tentationibus
1167 1801 1253 1854 tuum

59 1874 144 1931 nobis
158 1879 264 1950 praesta
276 1873 422 1930 auxilium
436 1880 466 1932 et
479 1875 690 1950 sempiternum
703 1873 852 1950 gaudium.
895 1874 960 1933 Per.

116 1953 234 2030 Epistol
253 1998 259 2011 .
302 1954 495 2031 Respondens
507 1974 593 2015 unus.

118 2034 254 2092 Gradule.
297 2034 449 2092 Gloriosus
461 2036 551 2093 Deus.

115 2115 265 2191 Alleluye.
316 2115 346 2174 V.
369 2116 518 2173 Mirabssis
532 2115 686 2175 Dominus,

115 2196 318 2271 Evabpeb'um.
363 2196 439 2254 Oum
452 2196 605 2254 audieritis
621 2196 728 2273 praelia.

117 2277 311 2351 Offertorium.
355 2277 519 2338 Laetemini.

114 2358 236 2416 Secreta.

116 2439 165 2496 Sit
179 2439 244 2509 tibi,
258 2439 443 2515 omnipotens
457 2437 556 2509 Peter,
570 2438 625 2496 hoe
643 2438 854 2510 holocaustum,
869 2437 945 2495 sieut
958 2439 1036 2514 quod
1057 2439 1114 2496 tibi
1133 2441 1251 2512 obtulit,

54 2519 108 2596 qui
120 2525 240 2596 peccate
253 2526 354 2577 nostre
366 2520 399 2576 in
413 2540 496 2577 eruce
510 2520 651 2596 pertulit,
672 2526 702 2577 et
716 2525 817 2578 sancto
828 2520 988 2576 Eustochio
1009 2540 1076 2577 oum
1093 2520 1177 2578 sociis
1191 2523 1253 2579 suis

51 2601 263 2672 intercedente,
278 2600 316 2657 ad
329 2606 382 2657 tue
395 2606 496 2658 saneta
509 2601 650 2658 sumenda
663 2601 766 2678 dignos
780 2620 832 2657 nos
845 2620 983 2676 praepera.
1028 2601 1094 2661 Per.

117 2680 301 2741 Commendo.
343 2681 385 2738 Et
398 2683 424 2739 si
437 2701 543 2738 coram.

115 2762 360 2821 Posteommuoio.

112 2843 198 2900 Sicut
224 2843 327 2900 beatus
355 2842 532 2900 Eustachius
559 2862 626 2901 cum
653 2842 739 2900 sociis
765 2843 833 2916 suis,
864 2863 1038 2919 quaesumus,
1062 2843 1199 2918 Domine,
1220 2845 1254 2902 in

52 2924 164 2982 celesti
178 2923 312 2981 claritate
332 2942 424 2999 purus
452 2924 564 2994 rutilet,
593 2925 634 2981 sic
657 2930 757 2981 sancte
781 2943 846 2999 quae
867 2924 1053 3000 sumpsimus,
1079 2925 1140 2982 illis
1164 2926 1254 2983 inter-

52 3004 235 3075 cedentibus,
250 3023 339 3080 puros
352 3023 406 3061 nos
419 3004 477 3061 tibi
490 3005 605 3062 efficiat.
649 3005 708 3062 Per
722 3005 893 3063 Dominum.

122 3182 237 3240 Senem
258 3182 431 3247 Leontem,
454 3182 580 3239 Asseris
600 3199 638 3239 nr
657 3198 863 3258 eorrnssonis.
908 3182 981 3256 (viii.
997 3183 1029 3240 N
1031 3202 1075 3242 on
1092 3183 1184 3261 Nov.)

115 3320 258 3394 Officium.
302 3319 343 3377 Os
355 3319 432 3396 justi
445 3319 643 3377 meditabitur.

115 3401 225 3459 Oratio.

113 3480 270 3557 Mejestati
303 3487 371 3553 tuae,
407 3481 544 3551 Domine,
579 3500 753 3556 quaesumus,
789 3479 966 3538 sanctissimi
999 3480 1170 3538 confessoris
1206 3481 1252 3539 tui

54 3562 203 3620 Leonerdi
215 3582 269 3619 nos
289 3562 339 3638 pie
354 3562 467 3638 jugiter
487 3562 670 3619 commendet
690 3562 792 3633 oratio,
807 3568 842 3618 ut
856 3581 944 3637 quem
957 3562 1063 3619 devoto
1076 3581 1253 3620 veneremur

54 3643 155 3714 officio,
178 3643 272 3719 ipsius
285 3643 423 3719 suffragio
437 3643 625 3700 sublevemur
638 3648 747 3719 optato
791 3643 856 3700 Per.

114 3724 255 3799 Epistola.
298 3723 405 3781 Justus
418 3744 467 3782 eor
481 3743 574 3780 suum.

115 3805 251 3862 Grudale.
295 3805 430 3876 Domine,
446 3804 622 3880 praevenisti.

111 3885 262 3962 Alleluya.
312 3884 427 3943 V.Iste
441 3892 565 3943 sanetus.

111 3966 277 4042 Sequentia.
321 3966 483 4042 Orgenicis,
497 3976 531 4023 ut
544 3966 578 4022 in
593 3964 757 4024 Communi.

111 4048 315 4123 Eveuqele'um.
358 4046 455 4104 Nemo
468 4047 626 4104 lucernam.

111 4128 306 4202 Ojsbrtortum.
349 4127 476 4185 Veritas.

108 4210 231 4269 Secreta.

108 4290 289 4349 Muneribus
303 4288 392 4348 sacris
406 4295 436 4348 et
450 4289 585 4365 precibus
598 4288 678 4346 beati
691 4289 838 4347 Leonerdi
852 4289 945 4359 nobis,
961 4287 1098 4360 Domine,
1113 4307 1249 4346 succurre

52 4371 186 4448 placatus,
198 4379 230 4430 et
240 4376 358 4448 praesta,
369 4377 405 4428 ut
414 4370 494 4446 quod
505 4370 632 4427 fideliter
645 4370 773 4446 petimus
787 4370 940 4428 efficaciter
953 4369 1151 4444 impetremus.
1182 4369 1248 4429 Per.
