<?xml version="1.0" encoding="UTF-8"?>
<!DOCTYPE html PUBLIC "-//W3C//DTD XHTML 1.0 Transitional//EN"
    "http://www.w3.org/TR/xhtml1/DTD/xhtml1-transitional.dtd">
<html xmlns="http://www.w3.org/1999/xhtml" xml:lang="en" lang="en">
 <head>
  <title>
</title>
<meta http-equiv="Content-Type" content="text/html;charset=utf-8" />
  <meta name='ocr-system' content='tesseract 3.04.00' />
  <meta name='ocr-capabilities' content='ocr_page ocr_carea ocr_par ocr_line ocrx_word'/>
</head>
<body>
  <div class='ocr_page' id='page_1' title='image "./missaleadusumin01churgoog_0049.png"; bbox 0 0 2910 4904; ppageno 0'>
   <div class='ocr_carea' id='block_1_1' title="bbox 579 293 887 360">
    <p class='ocr_par' dir='ltr' id='par_1_1' title="bbox 579 293 887 360">
     <span class='ocr_line' id='line_1_1' title="bbox 579 293 887 360; baseline -0.003 -1"><span class='ocrx_word' id='word_1_1' title='bbox 579 296 675 360; x_wconf 84' lang='lat' dir='ltr'>Festo</span> <span class='ocrx_word' id='word_1_2' title='bbox 696 293 887 359; x_wconf 71' lang='lat' dir='ltr'>Februarii.</span> 
     </span>
    </p>
   </div>
   <div class='ocr_carea' id='block_1_2' title="bbox 533 513 927 572">
    <p class='ocr_par' dir='ltr' id='par_1_2' title="bbox 533 513 927 572">
     <span class='ocr_line' id='line_1_2' title="bbox 533 513 927 572; baseline -0.003 -1"><span class='ocrx_word' id='word_1_3' title='bbox 533 514 574 572; x_wconf 83' lang='lat' dir='ltr'>Iu</span> <span class='ocrx_word' id='word_1_4' title='bbox 593 531 647 570; x_wconf 83' lang='lat' dir='ltr'>nm</span> <span class='ocrx_word' id='word_1_5' title='bbox 669 513 927 570; x_wconf 73' lang='lat' dir='ltr'>Pumrrourmnrs.</span> 
     </span>
    </p>
   </div>
   <div class='ocr_carea' id='block_1_3' title="bbox 135 637 1334 875">
    <p class='ocr_par' dir='ltr' id='par_1_3' title="bbox 135 637 1334 875">
     <span class='ocr_line' id='line_1_3' title="bbox 195 637 573 712; baseline 0 -18"><span class='ocrx_word' id='word_1_6' title='bbox 195 638 244 695; x_wconf 76' lang='lat' dir='ltr'>Aa</span> <span class='ocrx_word' id='word_1_7' title='bbox 257 639 389 696; x_wconf 70' lang='lat' dir='ltr'>Mimans.</span> <span class='ocrx_word' id='word_1_8' title='bbox 434 637 573 712; x_wconf 84' lang='lat' dir='ltr'>Officium.</span> 
     </span>
     <span class='ocr_line' id='line_1_4' title="bbox 196 716 1333 796; baseline -0.002 -20"><span class='ocrx_word' id='word_1_9' title='bbox 196 719 392 796; x_wconf 83' lang='lat' dir='ltr'>Suscepimus‚</span> <span class='ocrx_word' id='word_1_10' title='bbox 404 719 494 790; x_wconf 87' lang='lat' dir='ltr'>Deus,</span> <span class='ocrx_word' id='word_1_11' title='bbox 505 717 734 774; x_wconf 86' lang='lat' dir='ltr'>misericordiam</span> <span class='ocrx_word' id='word_1_12' title='bbox 742 723 825 774; x_wconf 88' lang='lat' dir='ltr'>tuam</span> <span class='ocrx_word' id='word_1_13' title='bbox 838 716 871 772; x_wconf 91' lang='lat' dir='ltr'>in</span> <span class='ocrx_word' id='word_1_14' title='bbox 884 717 980 774; x_wconf 89' lang='lat' dir='ltr'>medio</span> <span class='ocrx_word' id='word_1_15' title='bbox 988 716 1092 792; x_wconf 90' lang='lat' dir='ltr'>templi</span> <span class='ocrx_word' id='word_1_16' title='bbox 1101 717 1155 789; x_wconf 89' lang='lat' dir='ltr'>tui,</span> <span class='ocrx_word' id='word_1_17' title='bbox 1171 717 1333 774; x_wconf 88' lang='lat' dir='ltr'>secundum</span> 
     </span>
     <span class='ocr_line' id='line_1_5' title="bbox 135 798 1334 875; baseline 0.002 -21"><span class='ocrx_word' id='word_1_18' title='bbox 135 818 242 857; x_wconf 91' lang='lat' dir='ltr'>nomen</span> <span class='ocrx_word' id='word_1_19' title='bbox 262 807 357 872; x_wconf 86' lang='lat' dir='ltr'>tuum,</span> <span class='ocrx_word' id='word_1_20' title='bbox 378 800 468 872; x_wconf 91' lang='lat' dir='ltr'>Deus,</span> <span class='ocrx_word' id='word_1_21' title='bbox 489 800 532 856; x_wconf 87' lang='lat' dir='ltr'>ita</span> <span class='ocrx_word' id='word_1_22' title='bbox 556 806 586 856; x_wconf 86' lang='lat' dir='ltr'>et</span> <span class='ocrx_word' id='word_1_23' title='bbox 604 799 669 855; x_wconf 88' lang='lat' dir='ltr'>laus</span> <span class='ocrx_word' id='word_1_24' title='bbox 686 805 740 855; x_wconf 89' lang='lat' dir='ltr'>tua</span> <span class='ocrx_word' id='word_1_25' title='bbox 761 799 794 854; x_wconf 93' lang='lat' dir='ltr'>in</span> <span class='ocrx_word' id='word_1_26' title='bbox 816 799 889 854; x_wconf 91' lang='lat' dir='ltr'>fines</span> <span class='ocrx_word' id='word_1_27' title='bbox 907 804 1010 856; x_wconf 83' lang='lat' dir='ltr'>terrae:</span> <span class='ocrx_word' id='word_1_28' title='bbox 1041 798 1160 874; x_wconf 88' lang='lat' dir='ltr'>justitia</span> <span class='ocrx_word' id='word_1_29' title='bbox 1179 798 1268 875; x_wconf 86' lang='lat' dir='ltr'>plena</span> <span class='ocrx_word' id='word_1_30' title='bbox 1288 803 1334 856; x_wconf 87' lang='lat' dir='ltr'>est</span> 
     </span>
    </p>
   </div>
   <div class='ocr_carea' id='block_1_4' title="bbox 136 881 330 938">
    <p class='ocr_par' dir='ltr' id='par_1_4' title="bbox 136 881 330 938">
     <span class='ocr_line' id='line_1_6' title="bbox 136 881 330 938; baseline 0.01 -2"><span class='ocrx_word' id='word_1_31' title='bbox 136 881 256 937; x_wconf 77' lang='lat' dir='ltr'>dextera</span> <span class='ocrx_word' id='word_1_32' title='bbox 270 888 330 938; x_wconf 85' lang='lat' dir='ltr'>tua.</span> 
     </span>
    </p>
   </div>
   <div class='ocr_carea' id='block_1_5' title="bbox 134 974 1334 1212">
    <p class='ocr_par' dir='ltr' id='par_1_5' title="bbox 134 974 1334 1212">
     <span class='ocr_line' id='line_1_7' title="bbox 196 974 341 1032; baseline 0.021 -3"><span class='ocrx_word' id='word_1_33' title='bbox 196 974 341 1032; x_wconf 80' lang='lat' dir='ltr'>Psalmas.</span> 
     </span>
     <span class='ocr_line' id='line_1_8' title="bbox 195 1052 1334 1130; baseline 0 -20"><span class='ocrx_word' id='word_1_34' title='bbox 195 1054 323 1130; x_wconf 88' lang='lat' dir='ltr'>Magnus</span> <span class='ocrx_word' id='word_1_35' title='bbox 348 1054 494 1111; x_wconf 76' lang='lat' dir='ltr'><strong>Dominus</strong></span> <span class='ocrx_word' id='word_1_36' title='bbox 518 1059 548 1110; x_wconf 91' lang='lat' dir='ltr'>et</span> <span class='ocrx_word' id='word_1_37' title='bbox 569 1052 724 1110; x_wconf 86' lang='lat' dir='ltr'>laudabilis</span> <span class='ocrx_word' id='word_1_38' title='bbox 747 1052 854 1110; x_wconf 90' lang='lat' dir='ltr'>nimis:</span> <span class='ocrx_word' id='word_1_39' title='bbox 883 1052 916 1109; x_wconf 92' lang='lat' dir='ltr'>in</span> <span class='ocrx_word' id='word_1_40' title='bbox 934 1052 1053 1110; x_wconf 86' lang='lat' dir='ltr'>civitate</span> <span class='ocrx_word' id='word_1_41' title='bbox 1083 1053 1141 1110; x_wconf 91' lang='lat' dir='ltr'>Dei</span> <span class='ocrx_word' id='word_1_42' title='bbox 1167 1053 1272 1126; x_wconf 87' lang='lat' dir='ltr'>nostri,</span> <span class='ocrx_word' id='word_1_43' title='bbox 1300 1053 1334 1110; x_wconf 90' lang='lat' dir='ltr'>in</span> 
     </span>
     <span class='ocr_line' id='line_1_9' title="bbox 134 1137 886 1212; baseline 0.001 -20"><span class='ocrx_word' id='word_1_44' title='bbox 134 1142 234 1193; x_wconf 90' lang='lat' dir='ltr'>monte</span> <span class='ocrx_word' id='word_1_45' title='bbox 248 1143 348 1193; x_wconf 89' lang='lat' dir='ltr'>sancto</span> <span class='ocrx_word' id='word_1_46' title='bbox 359 1137 430 1212; x_wconf 89' lang='lat' dir='ltr'>ejus.</span> <span class='ocrx_word' id='word_1_47' title='bbox 884 1161 886 1166; x_wconf 94' lang='lat'>·</span> 
     </span>
    </p>
   </div>
   <div class='ocr_carea' id='block_1_6' title="bbox 130 1229 1333 2358">
    <p class='ocr_par' dir='ltr' id='par_1_6' title="bbox 195 1229 304 1286">
     <span class='ocr_line' id='line_1_10' title="bbox 195 1229 304 1286; baseline -0.009 0"><span class='ocrx_word' id='word_1_48' title='bbox 195 1229 304 1286; x_wconf 78' lang='lat' dir='ltr'><em>Oratio.</em></span> 
     </span>
    </p>

    <p class='ocr_par' dir='ltr' id='par_1_7' title="bbox 132 1307 1333 1608">
     <span class='ocr_line' id='line_1_11' title="bbox 195 1307 1329 1383; baseline -0.002 -17"><span class='ocrx_word' id='word_1_49' title='bbox 195 1309 389 1383; x_wconf 74' lang='lat' dir='ltr'>Omnipotens</span> <span class='ocrx_word' id='word_1_50' title='bbox 403 1309 578 1383; x_wconf 76' lang='lat' dir='ltr'>sempiterne</span> <span class='ocrx_word' id='word_1_51' title='bbox 593 1309 683 1378; x_wconf 88' lang='lat' dir='ltr'>Deus,</span> <span class='ocrx_word' id='word_1_52' title='bbox 698 1308 883 1383; x_wconf 86' lang='lat' dir='ltr'>majestatem</span> <span class='ocrx_word' id='word_1_53' title='bbox 896 1313 979 1364; x_wconf 88' lang='lat' dir='ltr'>tuam</span> <span class='ocrx_word' id='word_1_54' title='bbox 1002 1307 1147 1383; x_wconf 87' lang='lat' dir='ltr'>supplices</span> <span class='ocrx_word' id='word_1_55' title='bbox 1165 1326 1329 1380; x_wconf 86' lang='lat' dir='ltr'>exoramus,</span> 
     </span>
     <span class='ocr_line' id='line_1_12' title="bbox 133 1388 1332 1466; baseline 0.002 -23"><span class='ocrx_word' id='word_1_56' title='bbox 133 1394 168 1444; x_wconf 91' lang='lat' dir='ltr'>ut</span> <span class='ocrx_word' id='word_1_57' title='bbox 182 1390 258 1447; x_wconf 91' lang='lat' dir='ltr'>sicut</span> <span class='ocrx_word' id='word_1_58' title='bbox 268 1389 450 1466; x_wconf 88' lang='lat' dir='ltr'>Unigenitus</span> <span class='ocrx_word' id='word_1_59' title='bbox 464 1389 558 1446; x_wconf 86' lang='lat' dir='ltr'>Filius</span> <span class='ocrx_word' id='word_1_60' title='bbox 573 1394 643 1446; x_wconf 90' lang='lat' dir='ltr'>tuus</span> <span class='ocrx_word' id='word_1_61' title='bbox 656 1388 798 1446; x_wconf 86' lang='lat' dir='ltr'>hodierna</span> <span class='ocrx_word' id='word_1_62' title='bbox 808 1389 854 1445; x_wconf 93' lang='lat' dir='ltr'>die</span> <span class='ocrx_word' id='word_1_63' title='bbox 866 1408 933 1446; x_wconf 93' lang='lat' dir='ltr'>cum</span> <span class='ocrx_word' id='word_1_64' title='bbox 941 1393 1050 1445; x_wconf 86' lang='lat' dir='ltr'>nostrae</span> <span class='ocrx_word' id='word_1_65' title='bbox 1061 1388 1156 1444; x_wconf 88' lang='lat' dir='ltr'>carnis</span> <span class='ocrx_word' id='word_1_66' title='bbox 1164 1388 1332 1445; x_wconf 85' lang='lat' dir='ltr'>substantia</span> 
     </span>
     <span class='ocr_line' id='line_1_13' title="bbox 132 1469 1333 1547; baseline 0.002 -23"><span class='ocrx_word' id='word_1_67' title='bbox 132 1469 164 1525; x_wconf 93' lang='lat' dir='ltr'>in</span> <span class='ocrx_word' id='word_1_68' title='bbox 178 1470 288 1547; x_wconf 91' lang='lat' dir='ltr'>templo</span> <span class='ocrx_word' id='word_1_69' title='bbox 302 1477 347 1527; x_wconf 88' lang='lat' dir='ltr'>est</span> <span class='ocrx_word' id='word_1_70' title='bbox 359 1476 561 1546; x_wconf 85' lang='lat' dir='ltr'>praesentatus,</span> <span class='ocrx_word' id='word_1_71' title='bbox 576 1471 621 1526; x_wconf 88' lang='lat' dir='ltr'>ita</span> <span class='ocrx_word' id='word_1_72' title='bbox 642 1489 695 1526; x_wconf 90' lang='lat' dir='ltr'>nos</span> <span class='ocrx_word' id='word_1_73' title='bbox 716 1470 805 1527; x_wconf 86' lang='lat' dir='ltr'>facias</span> <span class='ocrx_word' id='word_1_74' title='bbox 829 1469 885 1526; x_wconf 89' lang='lat' dir='ltr'>tibi</span> <span class='ocrx_word' id='word_1_75' title='bbox 910 1469 1071 1546; x_wconf 87' lang='lat' dir='ltr'>purificatis</span> <span class='ocrx_word' id='word_1_76' title='bbox 1091 1469 1240 1526; x_wconf 90' lang='lat' dir='ltr'>mentibus</span> <span class='ocrx_word' id='word_1_77' title='bbox 1259 1489 1333 1546; x_wconf 81' lang='lat' dir='ltr'>prae-</span> 
     </span>
     <span class='ocr_line' id='line_1_14' title="bbox 133 1551 499 1608; baseline 0.003 -2"><span class='ocrx_word' id='word_1_78' title='bbox 133 1552 250 1608; x_wconf 88' lang='lat' dir='ltr'>sentari.</span> <span class='ocrx_word' id='word_1_79' title='bbox 294 1551 352 1608; x_wconf 88' lang='lat' dir='ltr'>Per</span> <span class='ocrx_word' id='word_1_80' title='bbox 367 1552 499 1608; x_wconf 91' lang='lat' dir='ltr'>eundem.</span> 
     </span>
    </p>

    <p class='ocr_par' dir='ltr' id='par_1_8' title="bbox 191 1643 787 1721">
     <span class='ocr_line' id='line_1_15' title="bbox 191 1643 787 1721; baseline 0 -22"><span class='ocrx_word' id='word_1_81' title='bbox 191 1644 287 1701; x_wconf 82' lang='lat' dir='ltr'>Lectio</span> <span class='ocrx_word' id='word_1_82' title='bbox 301 1644 457 1700; x_wconf 76' lang='lat' dir='ltr'>Malocltiae</span> <span class='ocrx_word' id='word_1_83' title='bbox 470 1643 621 1718; x_wconf 74' lang='lat' dir='ltr'>Propheta</span> <span class='ocrx_word' id='word_1_84' title='bbox 634 1643 695 1721; x_wconf 81' lang='lat' dir='ltr'>(iii.</span> <span class='ocrx_word' id='word_1_85' title='bbox 715 1643 787 1720; x_wconf 79' lang='grc'>1-4).</span> 
     </span>
    </p>

    <p class='ocr_par' dir='ltr' id='par_1_9' title="bbox 131 1722 1331 1880">
     <span class='ocr_line' id='line_1_16' title="bbox 191 1722 1331 1800; baseline 0 -19"><span class='ocrx_word' id='word_1_86' title='bbox 191 1725 266 1782; x_wconf 82' lang='lat' dir='ltr'>Haec</span> <span class='ocrx_word' id='word_1_87' title='bbox 280 1725 352 1781; x_wconf 87' lang='lat' dir='ltr'>dicit</span> <span class='ocrx_word' id='word_1_88' title='bbox 366 1725 513 1781; x_wconf 81' lang='lat' dir='ltr'>Dominus</span> <span class='ocrx_word' id='word_1_89' title='bbox 527 1724 608 1780; x_wconf 92' lang='lat' dir='ltr'>Deus</span> <span class='ocrx_word' id='word_1_90' title='bbox 622 1745 628 1780; x_wconf 92' lang='lat'>:</span> <span class='ocrx_word' id='word_1_91' title='bbox 649 1724 723 1780; x_wconf 88' lang='lat' dir='ltr'>Ecce</span> <span class='ocrx_word' id='word_1_92' title='bbox 737 1743 789 1798; x_wconf 87' lang='lat' dir='ltr'>ego</span> <span class='ocrx_word' id='word_1_93' title='bbox 802 1723 891 1780; x_wconf 86' lang='lat' dir='ltr'>mitto</span> <span class='ocrx_word' id='word_1_94' title='bbox 904 1722 1042 1800; x_wconf 80' lang='lat' dir='ltr'>angelum</span> <span class='ocrx_word' id='word_1_95' title='bbox 1063 1742 1162 1780; x_wconf 89' lang='lat' dir='ltr'>meum</span> <span class='ocrx_word' id='word_1_96' title='bbox 1184 1744 1276 1798; x_wconf 82' lang='lat' dir='ltr'>usqae</span> <span class='ocrx_word' id='word_1_97' title='bbox 1289 1723 1331 1781; x_wconf 80' lang='lat' dir='ltr'>od</span> 
     </span>
     <span class='ocr_line' id='line_1_17' title="bbox 131 1804 888 1880; baseline 0.003 -20"><span class='ocrx_word' id='word_1_98' title='bbox 131 1804 207 1861; x_wconf 88' lang='lat' dir='ltr'>sicut</span> <span class='ocrx_word' id='word_1_99' title='bbox 221 1806 291 1862; x_wconf 88' lang='lat' dir='ltr'>anni</span> <span class='ocrx_word' id='word_1_100' title='bbox 305 1805 431 1880; x_wconf 76' lang='lat' dir='ltr'>antiqui,</span> <span class='ocrx_word' id='word_1_101' title='bbox 446 1805 518 1861; x_wconf 87' lang='lat' dir='ltr'>dicit</span> <span class='ocrx_word' id='word_1_102' title='bbox 533 1804 680 1861; x_wconf 86' lang='lat' dir='ltr'>Dominus</span> <span class='ocrx_word' id='word_1_103' title='bbox 694 1805 888 1879; x_wconf 85' lang='lat' dir='ltr'>omnipotens.</span> 
     </span>
    </p>

    <p class='ocr_par' dir='ltr' id='par_1_10' title="bbox 194 1897 328 1954">
     <span class='ocr_line' id='line_1_18' title="bbox 194 1897 328 1954; baseline 0 0"><span class='ocrx_word' id='word_1_104' title='bbox 194 1897 328 1954; x_wconf 78' lang='lat' dir='ltr'>Gradale.</span> 
     </span>
    </p>

    <p class='ocr_par' dir='ltr' id='par_1_11' title="bbox 130 1975 1331 2130">
     <span class='ocr_line' id='line_1_19' title="bbox 191 1975 1331 2054; baseline -0.001 -19"><span class='ocrx_word' id='word_1_105' title='bbox 191 1978 385 2054; x_wconf 71' lang='lat' dir='ltr'>suscepimus,</span> <span class='ocrx_word' id='word_1_106' title='bbox 408 1979 499 2050; x_wconf 88' lang='lat' dir='ltr'>Deus,</span> <span class='ocrx_word' id='word_1_107' title='bbox 515 1977 743 2034; x_wconf 85' lang='lat' dir='ltr'>misericordiam</span> <span class='ocrx_word' id='word_1_108' title='bbox 763 1984 846 2034; x_wconf 87' lang='lat' dir='ltr'>tuam</span> <span class='ocrx_word' id='word_1_109' title='bbox 860 1977 893 2034; x_wconf 90' lang='lat' dir='ltr'>in</span> <span class='ocrx_word' id='word_1_110' title='bbox 911 1975 1007 2034; x_wconf 89' lang='lat' dir='ltr'>medio</span> <span class='ocrx_word' id='word_1_111' title='bbox 1021 1977 1125 2053; x_wconf 88' lang='lat' dir='ltr'>templi</span> <span class='ocrx_word' id='word_1_112' title='bbox 1138 1976 1205 2034; x_wconf 88' lang='lat' dir='ltr'>tui:</span> <span class='ocrx_word' id='word_1_113' title='bbox 1229 1996 1331 2034; x_wconf 90' lang='lat' dir='ltr'>secun·</span> 
     </span>
     <span class='ocr_line' id='line_1_20' title="bbox 130 2058 1069 2130; baseline 0.001 -15"><span class='ocrx_word' id='word_1_114' title='bbox 130 2060 201 2115; x_wconf 89' lang='lat' dir='ltr'>dum</span> <span class='ocrx_word' id='word_1_115' title='bbox 214 2078 321 2115; x_wconf 90' lang='lat' dir='ltr'>nomen</span> <span class='ocrx_word' id='word_1_116' title='bbox 334 2065 429 2130; x_wconf 91' lang='lat' dir='ltr'>tuum,</span> <span class='ocrx_word' id='word_1_117' title='bbox 445 2059 581 2128; x_wconf 88' lang='lat' dir='ltr'>Domine,</span> <span class='ocrx_word' id='word_1_118' title='bbox 596 2059 639 2114; x_wconf 89' lang='lat' dir='ltr'>ita</span> <span class='ocrx_word' id='word_1_119' title='bbox 653 2064 683 2115; x_wconf 91' lang='lat' dir='ltr'>et</span> <span class='ocrx_word' id='word_1_120' title='bbox 697 2059 760 2114; x_wconf 88' lang='lat' dir='ltr'>laus</span> <span class='ocrx_word' id='word_1_121' title='bbox 774 2064 826 2114; x_wconf 87' lang='lat' dir='ltr'>tua</span> <span class='ocrx_word' id='word_1_122' title='bbox 840 2059 872 2114; x_wconf 91' lang='lat' dir='ltr'>in</span> <span class='ocrx_word' id='word_1_123' title='bbox 886 2058 958 2114; x_wconf 88' lang='lat' dir='ltr'>fines</span> <span class='ocrx_word' id='word_1_124' title='bbox 972 2065 1069 2116; x_wconf 84' lang='lat' dir='ltr'>terrae.</span> 
     </span>
    </p>

    <p class='ocr_par' dir='ltr' id='par_1_12' title="bbox 137 2138 1090 2197">
     <span class='ocr_line' id='line_1_21' title="bbox 137 2138 1090 2197; baseline -0.002 0"><span class='ocrx_word' id='word_1_125' title='bbox 137 2139 166 2197; x_wconf 80' lang='lat' dir='ltr'>V.</span> <span class='ocrx_word' id='word_1_126' title='bbox 190 2139 273 2196; x_wconf 80' lang='lat' dir='ltr'>Sicut</span> <span class='ocrx_word' id='word_1_127' title='bbox 287 2139 453 2196; x_wconf 88' lang='lat' dir='ltr'>audivimus</span> <span class='ocrx_word' id='word_1_128' title='bbox 467 2161 472 2196; x_wconf 92' lang='lat'>:</span> <span class='ocrx_word' id='word_1_129' title='bbox 493 2140 537 2196; x_wconf 87' lang='lat' dir='ltr'>ita</span> <span class='ocrx_word' id='word_1_130' title='bbox 550 2145 580 2195; x_wconf 89' lang='lat' dir='ltr'>et</span> <span class='ocrx_word' id='word_1_131' title='bbox 594 2139 722 2195; x_wconf 87' lang='lat' dir='ltr'>vidimus</span> <span class='ocrx_word' id='word_1_132' title='bbox 736 2138 768 2195; x_wconf 91' lang='lat' dir='ltr'>in</span> <span class='ocrx_word' id='word_1_133' title='bbox 782 2139 903 2195; x_wconf 89' lang='lat' dir='ltr'>civitate</span> <span class='ocrx_word' id='word_1_134' title='bbox 917 2139 976 2195; x_wconf 89' lang='lat' dir='ltr'>Dei</span> <span class='ocrx_word' id='word_1_135' title='bbox 990 2138 1090 2195; x_wconf 84' lang='lat' dir='ltr'>nostri.</span> 
     </span>
    </p>

    <p class='ocr_par' dir='ltr' id='par_1_13' title="bbox 189 2218 1331 2296">
     <span class='ocr_line' id='line_1_22' title="bbox 189 2218 1331 2296; baseline 0 -20"><span class='ocrx_word' id='word_1_136' title='bbox 189 2219 338 2296; x_wconf 83' lang='lat' dir='ltr'>Alleluya</span> <span class='ocrx_word' id='word_1_137' title='bbox 379 2219 417 2278; x_wconf 76' lang='lat' dir='ltr'>V.</span> <span class='ocrx_word' id='word_1_138' title='bbox 439 2221 580 2278; x_wconf 83' lang='lat' dir='ltr'>Adorebo</span> <span class='ocrx_word' id='word_1_139' title='bbox 604 2220 642 2276; x_wconf 90' lang='lat' dir='ltr'>ad</span> <span class='ocrx_word' id='word_1_140' title='bbox 663 2220 807 2296; x_wconf 90' lang='lat' dir='ltr'>templum</span> <span class='ocrx_word' id='word_1_141' title='bbox 829 2226 964 2277; x_wconf 87' lang='lat' dir='ltr'>sanctum</span> <span class='ocrx_word' id='word_1_142' title='bbox 988 2226 1083 2292; x_wconf 91' lang='lat' dir='ltr'>tuum,</span> <span class='ocrx_word' id='word_1_143' title='bbox 1108 2225 1139 2276; x_wconf 89' lang='lat' dir='ltr'>et</span> <span class='ocrx_word' id='word_1_144' title='bbox 1166 2218 1331 2277; x_wconf 90' lang='lat' dir='ltr'>confitebor</span> 
     </span>
    </p>

    <p class='ocr_par' dir='ltr' id='par_1_14' title="bbox 130 2301 318 2358">
     <span class='ocr_line' id='line_1_23' title="bbox 130 2301 318 2358; baseline 0.011 -2"><span class='ocrx_word' id='word_1_145' title='bbox 130 2301 243 2358; x_wconf 91' lang='lat' dir='ltr'>nomini</span> <span class='ocrx_word' id='word_1_146' title='bbox 256 2307 318 2358; x_wconf 79' lang='lat' dir='ltr'>tuo,</span> 
     </span>
    </p>
   </div>
   <div class='ocr_carea' id='block_1_7' title="bbox 124 2392 1330 4491">
    <p class='ocr_par' dir='ltr' id='par_1_15' title="bbox 189 2392 351 2467">
     <span class='ocr_line' id='line_1_24' title="bbox 189 2392 351 2467; baseline -0.012 -16"><span class='ocrx_word' id='word_1_147' title='bbox 189 2392 351 2467; x_wconf 78' lang='lat' dir='ltr'>Sequentia.</span> 
     </span>
    </p>

    <p class='ocr_par' dir='ltr' id='par_1_16' title="bbox 129 2472 1241 2550">
     <span class='ocr_line' id='line_1_25' title="bbox 129 2472 1241 2550; baseline -0.001 -19"><span class='ocrx_word' id='word_1_148' title='bbox 129 2474 206 2547; x_wconf 83' lang='lat' dir='ltr'>Ave,</span> <span class='ocrx_word' id='word_1_149' title='bbox 221 2474 360 2550; x_wconf 86' lang='lat' dir='ltr'>praeclara</span> <span class='ocrx_word' id='word_1_150' title='bbox 373 2474 463 2530; x_wconf 81' lang='lat' dir='ltr'>maris</span> <span class='ocrx_word' id='word_1_151' title='bbox 481 2474 575 2544; x_wconf 87' lang='lat' dir='ltr'>stella,</span> <span class='ocrx_word' id='word_1_152' title='bbox 590 2474 623 2531; x_wconf 92' lang='lat' dir='ltr'>in</span> <span class='ocrx_word' id='word_1_153' title='bbox 636 2473 731 2531; x_wconf 90' lang='lat' dir='ltr'>lucem</span> <span class='ocrx_word' id='word_1_154' title='bbox 745 2473 879 2550; x_wconf 90' lang='lat' dir='ltr'>gentium</span> <span class='ocrx_word' id='word_1_155' title='bbox 896 2472 995 2529; x_wconf 89' lang='lat' dir='ltr'>Maria</span> <span class='ocrx_word' id='word_1_156' title='bbox 1009 2472 1153 2530; x_wconf 85' lang='lat' dir='ltr'>divinitus</span> <span class='ocrx_word' id='word_1_157' title='bbox 1167 2478 1241 2544; x_wconf 83' lang='lat' dir='ltr'>orta,</span> 
     </span>
    </p>

    <p class='ocr_par' dir='ltr' id='par_1_17' title="bbox 129 2554 1329 2707">
     <span class='ocr_line' id='line_1_26' title="bbox 129 2554 1329 2632; baseline 0.001 -21"><span class='ocrx_word' id='word_1_158' title='bbox 129 2556 220 2632; x_wconf 86' lang='lat' dir='ltr'>Euge,</span> <span class='ocrx_word' id='word_1_159' title='bbox 237 2555 300 2612; x_wconf 87' lang='lat' dir='ltr'>caeli</span> <span class='ocrx_word' id='word_1_160' title='bbox 313 2561 407 2631; x_wconf 87' lang='lat' dir='ltr'>porta,</span> <span class='ocrx_word' id='word_1_161' title='bbox 422 2574 487 2631; x_wconf 86' lang='lat' dir='ltr'>quae</span> <span class='ocrx_word' id='word_1_162' title='bbox 505 2575 566 2611; x_wconf 92' lang='lat' dir='ltr'>non</span> <span class='ocrx_word' id='word_1_163' title='bbox 583 2561 694 2630; x_wconf 86' lang='lat' dir='ltr'>aperta,</span> <span class='ocrx_word' id='word_1_164' title='bbox 708 2555 844 2612; x_wconf 90' lang='lat' dir='ltr'>veritatis</span> <span class='ocrx_word' id='word_1_165' title='bbox 860 2554 960 2610; x_wconf 90' lang='lat' dir='ltr'>lumen</span> <span class='ocrx_word' id='word_1_166' title='bbox 983 2555 1079 2629; x_wconf 89' lang='lat' dir='ltr'>ipsum</span> <span class='ocrx_word' id='word_1_167' title='bbox 1098 2554 1189 2611; x_wconf 91' lang='lat' dir='ltr'>solem</span> <span class='ocrx_word' id='word_1_168' title='bbox 1198 2554 1329 2630; x_wconf 83' lang='lat' dir='ltr'>justitiae</span> 
     </span>
     <span class='ocr_line' id='line_1_27' title="bbox 207 2635 711 2707; baseline -0.002 -15"><span class='ocrx_word' id='word_1_169' title='bbox 207 2636 346 2693; x_wconf 88' lang='lat' dir='ltr'>indutum</span> <span class='ocrx_word' id='word_1_170' title='bbox 360 2656 446 2693; x_wconf 87' lang='lat' dir='ltr'>carne</span> <span class='ocrx_word' id='word_1_171' title='bbox 460 2637 542 2692; x_wconf 89' lang='lat' dir='ltr'>ducis</span> <span class='ocrx_word' id='word_1_172' title='bbox 556 2637 588 2692; x_wconf 95' lang='lat' dir='ltr'>in</span> <span class='ocrx_word' id='word_1_173' title='bbox 602 2635 711 2707; x_wconf 92' lang='lat' dir='ltr'>orbem,</span> 
     </span>
    </p>

    <p class='ocr_par' dir='ltr' id='par_1_18' title="bbox 128 2715 1329 2872">
     <span class='ocr_line' id='line_1_28' title="bbox 128 2715 1329 2792; baseline 0 -19"><span class='ocrx_word' id='word_1_174' title='bbox 128 2717 232 2792; x_wconf 86' lang='lat' dir='ltr'>Virgo,</span> <span class='ocrx_word' id='word_1_175' title='bbox 252 2718 340 2775; x_wconf 93' lang='lat' dir='ltr'>decus</span> <span class='ocrx_word' id='word_1_176' title='bbox 362 2717 473 2785; x_wconf 86' lang='lat' dir='ltr'>mundi,</span> <span class='ocrx_word' id='word_1_177' title='bbox 492 2717 594 2791; x_wconf 86' lang='lat' dir='ltr'>regina</span> <span class='ocrx_word' id='word_1_178' title='bbox 612 2717 684 2787; x_wconf 87' lang='lat' dir='ltr'>caeli,</span> <span class='ocrx_word' id='word_1_179' title='bbox 707 2716 862 2792; x_wconf 83' lang='lat' dir='ltr'>praeelecta</span> <span class='ocrx_word' id='word_1_180' title='bbox 885 2721 920 2772; x_wconf 92' lang='lat' dir='ltr'>ut</span> <span class='ocrx_word' id='word_1_181' title='bbox 941 2715 993 2787; x_wconf 89' lang='lat' dir='ltr'>sol,</span> <span class='ocrx_word' id='word_1_182' title='bbox 1016 2715 1139 2791; x_wconf 88' lang='lat' dir='ltr'>pulchra</span> <span class='ocrx_word' id='word_1_183' title='bbox 1160 2715 1275 2773; x_wconf 87' lang='lat' dir='ltr'>lunaris</span> <span class='ocrx_word' id='word_1_184' title='bbox 1292 2722 1329 2773; x_wconf 91' lang='lat' dir='ltr'>ut</span> 
     </span>
     <span class='ocr_line' id='line_1_29' title="bbox 208 2797 791 2872; baseline 0 -19"><span class='ocrx_word' id='word_1_185' title='bbox 208 2797 311 2872; x_wconf 83' lang='lat' dir='ltr'>fulgor,</span> <span class='ocrx_word' id='word_1_186' title='bbox 328 2817 450 2872; x_wconf 80' lang='lat' dir='ltr'>agnosce</span> <span class='ocrx_word' id='word_1_187' title='bbox 471 2817 570 2853; x_wconf 91' lang='lat' dir='ltr'>omnes</span> <span class='ocrx_word' id='word_1_188' title='bbox 584 2803 614 2854; x_wconf 89' lang='lat' dir='ltr'>te</span> <span class='ocrx_word' id='word_1_189' title='bbox 629 2797 791 2871; x_wconf 82' lang='lat' dir='ltr'>diligentes</span> 
     </span>
    </p>

    <p class='ocr_par' dir='ltr' id='par_1_19' title="bbox 129 2876 1329 3033">
     <span class='ocr_line' id='line_1_30' title="bbox 129 2876 1329 2954; baseline 0 -20"><span class='ocrx_word' id='word_1_190' title='bbox 129 2878 178 2949; x_wconf 88' lang='lat' dir='ltr'>Te,</span> <span class='ocrx_word' id='word_1_191' title='bbox 193 2878 308 2954; x_wconf 89' lang='lat' dir='ltr'>lignum</span> <span class='ocrx_word' id='word_1_192' title='bbox 321 2879 400 2949; x_wconf 81' lang='lat' dir='ltr'>vitae,</span> <span class='ocrx_word' id='word_1_193' title='bbox 416 2878 530 2953; x_wconf 86' lang='lat' dir='ltr'>virgam</span> <span class='ocrx_word' id='word_1_194' title='bbox 544 2878 627 2934; x_wconf 83' lang='lat' dir='ltr'>almae</span> <span class='ocrx_word' id='word_1_195' title='bbox 649 2877 749 2952; x_wconf 84' lang='lat' dir='ltr'>stirpis</span> <span class='ocrx_word' id='word_1_196' title='bbox 763 2876 784 2934; x_wconf 85' lang='lat' dir='ltr'><strong>J</strong></span> <span class='ocrx_word' id='word_1_197' title='bbox 786 2896 847 2933; x_wconf 88' lang='lat' dir='ltr'>esse</span> <span class='ocrx_word' id='word_1_198' title='bbox 860 2876 1039 2934; x_wconf 86' lang='lat' dir='ltr'>nascituram</span> <span class='ocrx_word' id='word_1_199' title='bbox 1057 2876 1169 2953; x_wconf 86' lang='lat' dir='ltr'>priores</span> <span class='ocrx_word' id='word_1_200' title='bbox 1182 2876 1329 2934; x_wconf 85' lang='lat' dir='ltr'>desidera·</span> 
     </span>
     <span class='ocr_line' id='line_1_31' title="bbox 208 2958 1214 3033; baseline 0 -19"><span class='ocrx_word' id='word_1_201' title='bbox 208 2963 317 3014; x_wconf 84' lang='lat' dir='ltr'>verunt</span> <span class='ocrx_word' id='word_1_202' title='bbox 331 2963 429 3033; x_wconf 87' lang='lat' dir='ltr'>patres</span> <span class='ocrx_word' id='word_1_203' title='bbox 443 2965 473 3015; x_wconf 90' lang='lat' dir='ltr'>et</span> <span class='ocrx_word' id='word_1_204' title='bbox 486 2958 644 3033; x_wconf 83' lang='lat' dir='ltr'>prophetae.</span> <span class='ocrx_word' id='word_1_205' title='bbox 1211 2972 1214 2977; x_wconf 87' lang='grc'><em>·</em></span> 
     </span>
    </p>

    <p class='ocr_par' dir='ltr' id='par_1_20' title="bbox 129 3037 1328 3196">
     <span class='ocr_line' id='line_1_32' title="bbox 129 3037 1328 3115; baseline 0.002 -21"><span class='ocrx_word' id='word_1_206' title='bbox 129 3039 169 3096; x_wconf 86' lang='lat' dir='ltr'>Te</span> <span class='ocrx_word' id='word_1_207' title='bbox 182 3038 299 3115; x_wconf 86' lang='lat' dir='ltr'>plenam</span> <span class='ocrx_word' id='word_1_208' title='bbox 313 3039 378 3109; x_wconf 87' lang='lat' dir='ltr'>fide,</span> <span class='ocrx_word' id='word_1_209' title='bbox 393 3058 473 3095; x_wconf 88' lang='lat' dir='ltr'>sacro</span> <span class='ocrx_word' id='word_1_210' title='bbox 489 3044 607 3095; x_wconf 82' lang='lat' dir='ltr'>rorante</span> <span class='ocrx_word' id='word_1_211' title='bbox 622 3038 794 3110; x_wconf 90' lang='lat' dir='ltr'>Pneumate,</span> <span class='ocrx_word' id='word_1_212' title='bbox 806 3039 970 3114; x_wconf 87' lang='lat' dir='ltr'>parituram</span> <span class='ocrx_word' id='word_1_213' title='bbox 984 3037 1082 3095; x_wconf 83' lang='lat' dir='ltr'>divini</span> <span class='ocrx_word' id='word_1_214' title='bbox 1094 3037 1174 3094; x_wconf 86' lang='lat' dir='ltr'>floris</span> <span class='ocrx_word' id='word_1_215' title='bbox 1188 3039 1328 3115; x_wconf 86' lang='lat' dir='ltr'>amygda-</span> 
     </span>
     <span class='ocr_line' id='line_1_33' title="bbox 208 3119 559 3196; baseline 0 -20"><span class='ocrx_word' id='word_1_216' title='bbox 208 3120 270 3176; x_wconf 93' lang='lat' dir='ltr'>lum</span> <span class='ocrx_word' id='word_1_217' title='bbox 285 3119 413 3196; x_wconf 79' lang='lat' dir='ltr'>signavit</span> <span class='ocrx_word' id='word_1_218' title='bbox 432 3119 559 3176; x_wconf 82' lang='lat' dir='ltr'>Gabriel.</span> 
     </span>
    </p>

    <p class='ocr_par' dir='ltr' id='par_1_21' title="bbox 129 3198 1330 3338">
     <span class='ocr_line' id='line_1_34' title="bbox 129 3198 1330 3276; baseline 0.002 -20"><span class='ocrx_word' id='word_1_219' title='bbox 129 3201 174 3257; x_wconf 87' lang='lat' dir='ltr'>Tu</span> <span class='ocrx_word' id='word_1_220' title='bbox 199 3201 329 3276; x_wconf 87' lang='lat' dir='ltr'>Agnum‚</span> <span class='ocrx_word' id='word_1_221' title='bbox 348 3220 446 3275; x_wconf 89' lang='lat' dir='ltr'>regem</span> <span class='ocrx_word' id='word_1_222' title='bbox 467 3207 553 3256; x_wconf 90' lang='lat' dir='ltr'>terrae</span> <span class='ocrx_word' id='word_1_223' title='bbox 576 3200 798 3272; x_wconf 88' lang='lat' dir='ltr'>dominatorem,</span> <span class='ocrx_word' id='word_1_224' title='bbox 820 3199 976 3257; x_wconf 89' lang='lat' dir='ltr'>Moabitici</span> <span class='ocrx_word' id='word_1_225' title='bbox 995 3200 1031 3256; x_wconf 93' lang='lat' dir='ltr'>de</span> <span class='ocrx_word' id='word_1_226' title='bbox 1051 3205 1135 3276; x_wconf 86' lang='lat' dir='ltr'>petra</span> <span class='ocrx_word' id='word_1_227' title='bbox 1156 3199 1267 3257; x_wconf 85' lang='lat' dir='ltr'>deserti</span> <span class='ocrx_word' id='word_1_228' title='bbox 1289 3198 1330 3258; x_wconf 77' lang='lat' dir='ltr'>ed</span> 
     </span>
     <span class='ocr_line' id='line_1_35' title="bbox 207 3281 686 3338; baseline 0.004 -2"><span class='ocrx_word' id='word_1_229' title='bbox 207 3287 339 3338; x_wconf 91' lang='lat' dir='ltr'>montem</span> <span class='ocrx_word' id='word_1_230' title='bbox 352 3281 420 3337; x_wconf 86' lang='lat' dir='ltr'>filiae</span> <span class='ocrx_word' id='word_1_231' title='bbox 435 3281 506 3338; x_wconf 85' lang='lat' dir='ltr'>Sion</span> <span class='ocrx_word' id='word_1_232' title='bbox 519 3281 686 3338; x_wconf 76' lang='lat' dir='ltr'>traduxisti</span> 
     </span>
    </p>

    <p class='ocr_par' dir='ltr' id='par_1_22' title="bbox 128 3361 1328 3500">
     <span class='ocr_line' id='line_1_36' title="bbox 128 3361 1328 3438; baseline 0.002 -21"><span class='ocrx_word' id='word_1_233' title='bbox 128 3361 181 3432; x_wconf 84' lang='lat' dir='ltr'>Tu,</span> <span class='ocrx_word' id='word_1_234' title='bbox 198 3382 263 3438; x_wconf 88' lang='lat' dir='ltr'>quae</span> <span class='ocrx_word' id='word_1_235' title='bbox 281 3362 429 3419; x_wconf 87' lang='lat' dir='ltr'>furentem</span> <span class='ocrx_word' id='word_1_236' title='bbox 450 3362 625 3419; x_wconf 85' lang='lat' dir='ltr'>Leviatham</span> <span class='ocrx_word' id='word_1_237' title='bbox 645 3368 809 3437; x_wconf 87' lang='lat' dir='ltr'>serpentem</span> <span class='ocrx_word' id='word_1_238' title='bbox 829 3368 1054 3437; x_wconf 87' lang='lat' dir='ltr'>tortuosumque</span> <span class='ocrx_word' id='word_1_239' title='bbox 1074 3367 1105 3418; x_wconf 90' lang='lat' dir='ltr'>et</span> <span class='ocrx_word' id='word_1_240' title='bbox 1117 3366 1231 3418; x_wconf 84' lang='lat' dir='ltr'>vectem</span> <span class='ocrx_word' id='word_1_241' title='bbox 1245 3361 1328 3419; x_wconf 90' lang='lat' dir='ltr'>colli·</span> 
     </span>
     <span class='ocr_line' id='line_1_37' title="bbox 208 3443 882 3500; baseline 0.001 -1"><span class='ocrx_word' id='word_1_242' title='bbox 208 3443 280 3500; x_wconf 92' lang='lat' dir='ltr'>dens</span> <span class='ocrx_word' id='word_1_243' title='bbox 294 3443 432 3500; x_wconf 89' lang='lat' dir='ltr'>damnoso</span> <span class='ocrx_word' id='word_1_244' title='bbox 446 3443 567 3500; x_wconf 90' lang='lat' dir='ltr'>crimine</span> <span class='ocrx_word' id='word_1_245' title='bbox 580 3443 725 3499; x_wconf 90' lang='lat' dir='ltr'>mundum</span> <span class='ocrx_word' id='word_1_246' title='bbox 740 3443 882 3500; x_wconf 80' lang='lat' dir='ltr'>exemisti</span> 
     </span>
    </p>

    <p class='ocr_par' dir='ltr' id='par_1_23' title="bbox 126 3521 1327 3761">
     <span class='ocr_line' id='line_1_38' title="bbox 126 3521 1327 3600; baseline 0 -20"><span class='ocrx_word' id='word_1_247' title='bbox 126 3523 209 3580; x_wconf 91' lang='lat' dir='ltr'>Hinc</span> <span class='ocrx_word' id='word_1_248' title='bbox 222 3524 356 3600; x_wconf 91' lang='lat' dir='ltr'>gentium</span> <span class='ocrx_word' id='word_1_249' title='bbox 376 3543 429 3580; x_wconf 90' lang='lat' dir='ltr'>nos</span> <span class='ocrx_word' id='word_1_250' title='bbox 447 3524 587 3600; x_wconf 91' lang='lat' dir='ltr'>reliquiae,</span> <span class='ocrx_word' id='word_1_251' title='bbox 602 3531 663 3580; x_wconf 87' lang='lat' dir='ltr'>tuae</span> <span class='ocrx_word' id='word_1_252' title='bbox 684 3525 738 3580; x_wconf 93' lang='lat' dir='ltr'>sub</span> <span class='ocrx_word' id='word_1_253' title='bbox 759 3523 842 3580; x_wconf 92' lang='lat' dir='ltr'>cultu</span> <span class='ocrx_word' id='word_1_254' title='bbox 862 3524 1018 3596; x_wconf 87' lang='lat' dir='ltr'>memoriae,</span> <span class='ocrx_word' id='word_1_255' title='bbox 1034 3523 1143 3580; x_wconf 91' lang='lat' dir='ltr'>mirum</span> <span class='ocrx_word' id='word_1_256' title='bbox 1157 3521 1189 3578; x_wconf 91' lang='lat' dir='ltr'>in</span> <span class='ocrx_word' id='word_1_257' title='bbox 1203 3522 1327 3580; x_wconf 88' lang='lat' dir='ltr'>modum</span> 
     </span>
     <span class='ocr_line' id='line_1_39' title="bbox 207 3603 1324 3681; baseline 0 -21"><span class='ocrx_word' id='word_1_258' title='bbox 207 3623 294 3680; x_wconf 89' lang='lat' dir='ltr'>quem</span> <span class='ocrx_word' id='word_1_259' title='bbox 314 3624 344 3661; x_wconf 90' lang='lat' dir='ltr'>es</span> <span class='ocrx_word' id='word_1_260' title='bbox 363 3605 451 3661; x_wconf 86' lang='lat' dir='ltr'>enixa</span> <span class='ocrx_word' id='word_1_261' title='bbox 469 3605 686 3681; x_wconf 84' lang='lat' dir='ltr'>propitiationis</span> <span class='ocrx_word' id='word_1_262' title='bbox 700 3606 831 3680; x_wconf 88' lang='lat' dir='ltr'>Agnum,</span> <span class='ocrx_word' id='word_1_263' title='bbox 847 3611 1019 3681; x_wconf 86' lang='lat' dir='ltr'>regnantem</span> <span class='ocrx_word' id='word_1_264' title='bbox 1040 3605 1110 3662; x_wconf 89' lang='lat' dir='ltr'>caelo</span> <span class='ocrx_word' id='word_1_265' title='bbox 1131 3603 1324 3676; x_wconf 80' lang='lat' dir='ltr'>aeternaliter,</span> 
     </span>
     <span class='ocr_line' id='line_1_40' title="bbox 206 3686 951 3761; baseline 0.003 -21"><span class='ocrx_word' id='word_1_266' title='bbox 206 3705 376 3743; x_wconf 89' lang='lat' dir='ltr'>revocamus</span> <span class='ocrx_word' id='word_1_267' title='bbox 390 3686 521 3742; x_wconf 85' lang='lat' dir='ltr'>adaram</span> <span class='ocrx_word' id='word_1_268' title='bbox 532 3686 720 3742; x_wconf 70' lang='lat' dir='ltr'>mortariolum</span> <span class='ocrx_word' id='word_1_269' title='bbox 735 3686 951 3761; x_wconf 82' lang='lat' dir='ltr'>mysterialiter.</span> 
     </span>
    </p>

    <p class='ocr_par' dir='ltr' id='par_1_24' title="bbox 126 3764 1328 4005">
     <span class='ocr_line' id='line_1_41' title="bbox 126 3764 1325 3824; baseline -0.001 -1"><span class='ocrx_word' id='word_1_270' title='bbox 126 3766 206 3823; x_wconf 85' lang='lat' dir='ltr'>Nam</span> <span class='ocrx_word' id='word_1_271' title='bbox 233 3786 341 3823; x_wconf 85' lang='lat' dir='ltr'>manna</span> <span class='ocrx_word' id='word_1_272' title='bbox 368 3786 472 3823; x_wconf 89' lang='lat' dir='ltr'>verum</span> <span class='ocrx_word' id='word_1_273' title='bbox 499 3767 644 3823; x_wconf 86' lang='lat' dir='ltr'>Israelitis</span> <span class='ocrx_word' id='word_1_274' title='bbox 665 3767 743 3823; x_wconf 83' lang='lat' dir='ltr'>veris</span> <span class='ocrx_word' id='word_1_275' title='bbox 764 3767 828 3824; x_wconf 80' lang='lat' dir='ltr'>veri</span> <span class='ocrx_word' id='word_1_276' title='bbox 850 3767 981 3823; x_wconf 65' lang='lat' dir='ltr'>Abrahae</span> <span class='ocrx_word' id='word_1_277' title='bbox 1008 3765 1078 3822; x_wconf 90' lang='lat' dir='ltr'>filiis</span> <span class='ocrx_word' id='word_1_278' title='bbox 1105 3764 1325 3822; x_wconf 85' lang='lat' dir='ltr'>admirantibus</span> 
     </span>
     <span class='ocr_line' id='line_1_42' title="bbox 206 3845 1328 3923; baseline 0 -20"><span class='ocrx_word' id='word_1_279' title='bbox 206 3847 354 3923; x_wconf 90' lang='lat' dir='ltr'>quondam</span> <span class='ocrx_word' id='word_1_280' title='bbox 368 3847 468 3922; x_wconf 90' lang='lat' dir='ltr'>Moysi</span> <span class='ocrx_word' id='word_1_281' title='bbox 488 3848 565 3923; x_wconf 89' lang='lat' dir='ltr'>quod</span> <span class='ocrx_word' id='word_1_282' title='bbox 587 3854 676 3923; x_wconf 88' lang='lat' dir='ltr'>typus</span> <span class='ocrx_word' id='word_1_283' title='bbox 691 3848 835 3923; x_wconf 80' lang='lat' dir='ltr'>figurabat</span> <span class='ocrx_word' id='word_1_284' title='bbox 844 3848 908 3922; x_wconf 85' lang='lat' dir='ltr'>jam</span> <span class='ocrx_word' id='word_1_285' title='bbox 923 3867 1001 3904; x_wconf 91' lang='lat' dir='ltr'>nunc</span> <span class='ocrx_word' id='word_1_286' title='bbox 1014 3846 1141 3904; x_wconf 89' lang='lat' dir='ltr'>abducto</span> <span class='ocrx_word' id='word_1_287' title='bbox 1154 3845 1222 3902; x_wconf 88' lang='lat' dir='ltr'>velo</span> <span class='ocrx_word' id='word_1_288' title='bbox 1236 3845 1328 3903; x_wconf 84' lang='lat' dir='ltr'>datur</span> 
     </span>
     <span class='ocr_line' id='line_1_43' title="bbox 205 3928 1064 4005; baseline 0.002 -21"><span class='ocrx_word' id='word_1_289' title='bbox 205 3928 339 4004; x_wconf 90' lang='lat' dir='ltr'>prospici.</span> <span class='ocrx_word' id='word_1_290' title='bbox 383 3928 451 4000; x_wconf 90' lang='lat' dir='ltr'>Ora,</span> <span class='ocrx_word' id='word_1_291' title='bbox 465 3928 558 4004; x_wconf 88' lang='lat' dir='ltr'>virgo,</span> <span class='ocrx_word' id='word_1_292' title='bbox 574 3947 627 3984; x_wconf 91' lang='lat' dir='ltr'>nos</span> <span class='ocrx_word' id='word_1_293' title='bbox 640 3928 692 3984; x_wconf 95' lang='lat' dir='ltr'>illo</span> <span class='ocrx_word' id='word_1_294' title='bbox 701 3948 776 4004; x_wconf 89' lang='lat' dir='ltr'>pane</span> <span class='ocrx_word' id='word_1_295' title='bbox 790 3928 854 3984; x_wconf 87' lang='lat' dir='ltr'>oaeli</span> <span class='ocrx_word' id='word_1_296' title='bbox 867 3928 969 4005; x_wconf 91' lang='lat' dir='ltr'>dignos</span> <span class='ocrx_word' id='word_1_297' title='bbox 983 3928 1064 3986; x_wconf 89' lang='lat' dir='ltr'>effici.</span> 
     </span>
    </p>

    <p class='ocr_par' dir='ltr' id='par_1_25' title="bbox 126 4007 1328 4247">
     <span class='ocr_line' id='line_1_44' title="bbox 126 4007 1326 4085; baseline 0 -21"><span class='ocrx_word' id='word_1_298' title='bbox 126 4008 184 4065; x_wconf 87' lang='lat' dir='ltr'>Fac</span> <span class='ocrx_word' id='word_1_299' title='bbox 198 4009 261 4084; x_wconf 88' lang='lat' dir='ltr'>igni</span> <span class='ocrx_word' id='word_1_300' title='bbox 282 4014 381 4066; x_wconf 84' lang='lat' dir='ltr'>sancto</span> <span class='ocrx_word' id='word_1_301' title='bbox 399 4008 557 4085; x_wconf 90' lang='lat' dir='ltr'>Patrisque</span> <span class='ocrx_word' id='word_1_302' title='bbox 570 4009 677 4080; x_wconf 71' lang='lat' dir='ltr'>verbo,</span> <span class='ocrx_word' id='word_1_303' title='bbox 698 4009 777 4084; x_wconf 94' lang='lat' dir='ltr'>quod</span> <span class='ocrx_word' id='word_1_304' title='bbox 797 4009 888 4065; x_wconf 87' lang='lat' dir='ltr'>rubus</span> <span class='ocrx_word' id='word_1_305' title='bbox 907 4021 943 4066; x_wconf 86' lang='lat' dir='ltr'>ut</span> <span class='ocrx_word' id='word_1_306' title='bbox 964 4009 1113 4065; x_wconf 86' lang='lat' dir='ltr'>flammam</span> <span class='ocrx_word' id='word_1_307' title='bbox 1133 4013 1168 4063; x_wconf 93' lang='lat' dir='ltr'>tu</span> <span class='ocrx_word' id='word_1_308' title='bbox 1189 4007 1326 4082; x_wconf 80' lang='lat' dir='ltr'>portasti,</span> 
     </span>
     <span class='ocr_line' id='line_1_45' title="bbox 205 4087 1328 4167; baseline 0.001 -22"><span class='ocrx_word' id='word_1_309' title='bbox 205 4091 288 4167; x_wconf 91' lang='lat' dir='ltr'>virgo</span> <span class='ocrx_word' id='word_1_310' title='bbox 312 4095 407 4146; x_wconf 90' lang='lat' dir='ltr'>mater</span> <span class='ocrx_word' id='word_1_311' title='bbox 426 4089 511 4161; x_wconf 81' lang='lat' dir='ltr'>facta,</span> <span class='ocrx_word' id='word_1_312' title='bbox 534 4089 648 4165; x_wconf 84' lang='lat' dir='ltr'>pecuali</span> <span class='ocrx_word' id='word_1_313' title='bbox 668 4090 744 4165; x_wconf 90' lang='lat' dir='ltr'>pelle</span> <span class='ocrx_word' id='word_1_314' title='bbox 766 4090 907 4147; x_wconf 91' lang='lat' dir='ltr'>discincto</span> <span class='ocrx_word' id='word_1_315' title='bbox 928 4090 1001 4167; x_wconf 90' lang='lat' dir='ltr'>pede</span> <span class='ocrx_word' id='word_1_316' title='bbox 1021 4088 1139 4146; x_wconf 90' lang='lat' dir='ltr'>mundis</span> <span class='ocrx_word' id='word_1_317' title='bbox 1156 4087 1244 4145; x_wconf 86' lang='lat' dir='ltr'>labiis</span> <span class='ocrx_word' id='word_1_318' title='bbox 1265 4107 1328 4146; x_wconf 87' lang='lat' dir='ltr'>cor-</span> 
     </span>
     <span class='ocr_line' id='line_1_46' title="bbox 205 4171 516 4247; baseline -0.006 -19"><span class='ocrx_word' id='word_1_319' title='bbox 205 4172 298 4247; x_wconf 91' lang='lat' dir='ltr'>deque</span> <span class='ocrx_word' id='word_1_320' title='bbox 313 4171 516 4247; x_wconf 84' lang='lat' dir='ltr'>propinquare.</span> 
     </span>
    </p>

    <p class='ocr_par' dir='ltr' id='par_1_26' title="bbox 124 4249 1327 4491">
     <span class='ocr_line' id='line_1_47' title="bbox 124 4249 1327 4328; baseline 0.002 -21"><span class='ocrx_word' id='word_1_321' title='bbox 124 4250 182 4308; x_wconf 84' lang='lat' dir='ltr'>Fac</span> <span class='ocrx_word' id='word_1_322' title='bbox 209 4252 319 4310; x_wconf 88' lang='lat' dir='ltr'>fontem</span> <span class='ocrx_word' id='word_1_323' title='bbox 348 4252 472 4321; x_wconf 92' lang='lat' dir='ltr'>dulcem,</span> <span class='ocrx_word' id='word_1_324' title='bbox 496 4271 584 4327; x_wconf 92' lang='lat' dir='ltr'>quem</span> <span class='ocrx_word' id='word_1_325' title='bbox 605 4251 637 4308; x_wconf 91' lang='lat' dir='ltr'>in</span> <span class='ocrx_word' id='word_1_326' title='bbox 659 4251 774 4308; x_wconf 89' lang='lat' dir='ltr'>deserto</span> <span class='ocrx_word' id='word_1_327' title='bbox 796 4257 880 4327; x_wconf 87' lang='lat' dir='ltr'>petra</span> <span class='ocrx_word' id='word_1_328' title='bbox 901 4251 1149 4328; x_wconf 84' lang='lat' dir='ltr'>praemonstravit,</span> <span class='ocrx_word' id='word_1_329' title='bbox 1165 4249 1327 4327; x_wconf 78' lang='lat' dir='ltr'>degustare</span> 
     </span>
     <span class='ocr_line' id='line_1_48' title="bbox 202 4332 1326 4410; baseline 0.001 -21"><span class='ocrx_word' id='word_1_330' title='bbox 202 4352 269 4389; x_wconf 92' lang='lat' dir='ltr'>oum</span> <span class='ocrx_word' id='word_1_331' title='bbox 290 4333 404 4390; x_wconf 89' lang='lat' dir='ltr'>sincera</span> <span class='ocrx_word' id='word_1_332' title='bbox 426 4332 490 4402; x_wconf 89' lang='lat' dir='ltr'>fide,</span> <span class='ocrx_word' id='word_1_333' title='bbox 513 4352 654 4409; x_wconf 86' lang='lat' dir='ltr'>renesque</span> <span class='ocrx_word' id='word_1_334' title='bbox 675 4333 805 4410; x_wconf 87' lang='lat' dir='ltr'>succingi</span> <span class='ocrx_word' id='word_1_335' title='bbox 824 4333 901 4391; x_wconf 91' lang='lat' dir='ltr'>lotos</span> <span class='ocrx_word' id='word_1_336' title='bbox 922 4333 954 4389; x_wconf 92' lang='lat' dir='ltr'>in</span> <span class='ocrx_word' id='word_1_337' title='bbox 968 4333 1052 4404; x_wconf 89' lang='lat' dir='ltr'>mari,</span> <span class='ocrx_word' id='word_1_338' title='bbox 1067 4351 1194 4410; x_wconf 86' lang='lat' dir='ltr'>anguem</span> <span class='ocrx_word' id='word_1_339' title='bbox 1207 4350 1326 4390; x_wconf 83' lang='lat' dir='ltr'>aeneum</span> 
     </span>
     <span class='ocr_line' id='line_1_49' title="bbox 203 4413 498 4491; baseline -0.007 -20"><span class='ocrx_word' id='word_1_340' title='bbox 203 4414 236 4471; x_wconf 88' lang='lat' dir='ltr'>in</span> <span class='ocrx_word' id='word_1_341' title='bbox 250 4433 334 4473; x_wconf 86' lang='lat' dir='ltr'>cruce</span> <span class='ocrx_word' id='word_1_342' title='bbox 347 4413 498 4491; x_wconf 88' lang='lat' dir='ltr'>speculari.</span> 
     </span>
    </p>
   </div>
   <div class='ocr_carea' id='block_1_8' title="bbox 0 0 1460 4904">
    <p class='ocr_par' dir='ltr' id='par_1_27' title="bbox 0 0 1460 4904">
     <span class='ocr_line' id='line_1_50' title="bbox 0 0 1460 4904; baseline 0 3"><span class='ocrx_word' id='word_1_343' title='bbox 0 0 1460 4904; x_wconf 95' lang='lat' dir='ltr'> </span> 
     </span>
    </p>
   </div>
  </div>
 </body>
</html>
