2910 4904
648 294 809 359 Trcutale.
1266 301 1330 364 las

188 460 431 519 Postcommuuio.
442 487 445 492 ·

188 542 280 613 Deus,
301 542 353 618 qui
367 540 570 598 inaestimabili
590 540 789 598 misericordia
811 542 924 600 animas
942 543 1113 600 mortalium
1133 545 1171 601 ab
1185 545 1331 621 angustiis

126 622 270 681 transfers
290 623 328 680 ad
349 622 500 698 requiem,
520 621 681 698 propitiare
701 622 966 699 supplicationibus
984 625 1095 681 nostris
1107 644 1161 700 pro
1176 626 1330 684 animabus

127 705 306 761 famulorum
337 703 575 778 famularumque
614 709 742 775 tuarum,
775 723 910 778 quorum
941 725 1125 781 quarumque
1158 706 1331 763 memoriam

126 785 318 861 specialitatis
345 784 453 842 affectu
480 784 603 860 agimus,
632 789 663 841 et
685 803 739 859 pro
767 784 874 860 quibus
896 804 1017 843 exorare
1033 786 1110 861 jussi
1131 792 1162 844 et
1183 787 1331 844 debitores

128 886 239 938 sumus,
269 872 358 941 atque
393 865 526 921 omnium
559 865 843 940 consanguineorum
873 885 907 922 ac
936 866 1129 924 familiarium
1160 874 1328 925 nostrorum

127 953 360 1022 cunctorumque
380 945 520 1015 fidelium,
543 952 579 1002 ut
602 965 651 1002 eos
671 945 806 1021 paradiso
830 946 998 1019 restituens,
1021 948 1054 1004 in
1073 954 1194 1005 tuorum
1215 968 1334 1007 censeas

128 1034 208 1085 sorte
218 1028 376 1104 justorum.
421 1027 479 1082 Per
494 1026 665 1085 Dominum.

245 1289 248 1297 1
293 1211 408 1269 MODUS
429 1226 622 1269 CELEBRANDI
643 1226 800 1267 rebursata
821 1228 877 1268 PRO
898 1227 998 1268 Arma
1018 1228 1163 1271 ALICUJUS

193 1343 350 1424 [Quadam
363 1344 468 1401 mulier
481 1344 515 1400 iu
529 1344 662 1401 orruibus
679 1344 863 1400 devotissima
877 1365 895 1400 a
910 1344 1021 1401 curulis
1042 1347 1209 1405 tenebatur:
1233 1357 1335 1405 secrete

131 1427 267 1502 coacepit,
279 1434 432 1500 secreteque
442 1425 560 1500 peperit.
592 1424 663 1494 Quae
676 1424 862 1499 imquitatem
876 1446 961 1482 arram
975 1426 1070 1483 celares
1079 1427 1179 1484 statim
1185 1437 1253 1503 post
1260 1449 1333 1503 par·-

132 1518 195 1565 tum
205 1526 334 1582 puerum
340 1505 493 1580 juqulauit
503 1527 515 1574 ,¹
536 1505 697 1580 iterumque
717 1506 842 1580 concepit
859 1516 884 1562 et
900 1506 1020 1581 peperit,
1036 1528 1120 1583 quem
1134 1509 1220 1566 etiam
1235 1518 1337 1566 secrete

123 1588 285 1665 juqulaoit.
336 1586 467 1644 Paridem
487 1586 583 1644 morbo
603 1586 817 1662 superveniente
837 1596 953 1644 mortua
968 1587 1044 1661 fuit.
1109 1589 1213 1647 Omues
1236 1599 1334 1647 autem

131 1669 271 1727 notitiam
283 1668 415 1726 babentes
435 1669 469 1724 de
489 1667 582 1725 salute
596 1667 658 1742 ejus
678 1668 839 1742 sperabaut.
881 1667 939 1725 Sed
959 1689 1025 1725 cum
1043 1668 1132 1744 Papa
1142 1670 1335 1745 familiarius

123 1751 214 1826 filius
227 1749 288 1824 ejus
297 1750 426 1824 quadam
437 1749 484 1806 die
493 1769 550 1823 pro
564 1749 667 1805 areima
678 1748 739 1821 ejus
749 1748 875 1805 Missam
888 1750 982 1806 devote
995 1749 1163 1822 celebrasset,
1176 1751 1337 1809 obscuritas

133 1852 200 1890 eum
210 1851 266 1907 per
276 1831 440 1900 circuitum,
452 1838 486 1885 ut
496 1850 562 1900 uos,
574 1829 762 1900 obumbravit,
773 1829 808 1885 iu
817 1850 878 1904 qua
887 1829 1053 1888 borribilem
1063 1832 1137 1888 uidit
1148 1842 1313 1890 creaturam
1321 1856 1334 1902 ,·

132 1933 224 1988 quam
238 1912 272 1968 iu
285 1912 392 1968 uirtute
405 1910 560 1984 sarrquirris
575 1910 687 1969 Christi
707 1909 878 1984 coujuram't,
894 1920 928 1967 ut
942 1911 997 1968 sibi
1010 1912 1122 1984 diceret,
1134 1914 1200 1988 quis
1213 1923 1239 1972 et
1253 1913 1337 1990 cujus

133 2003 203 2051 esset
219 1992 400 2051 conditionis.
445 1992 516 2061 Quae
536 1992 576 2048 sic
597 1991 738 2066 adjurata
758 1991 810 2060 ait,
829 1991 927 2048 Mater
949 2001 1001 2048 tua
1021 2013 1093 2050 sum.
1136 1995 1225 2070 Papa
1244 2004 1338 2070 stupe-

124 2075 232 2151 factus
241 2075 285 2131 ait
293 2097 305 2143 ,'
327 2073 395 2130 Heu
404 2093 456 2144 me,
468 2081 568 2143 mater,
579 2093 627 2146 eqo
636 2072 748 2129 credidi
757 2081 781 2128 te
790 2073 1003 2130 sanctissimam
1012 2083 1038 2131 et
1048 2074 1105 2132 Dei
1113 2075 1228 2133 electam
1228 2075 1334 2149 fuisse.

134 2157 175 2213 Et
185 2155 343 2231 respoudit,
355 2154 440 2210 Nom
461 2163 487 2210 et
498 2174 623 2225 causeam,
636 2162 670 2208 ut
677 2153 852 2228 praedictum
863 2162 911 2224 cst,
917 2175 972 2228 per
980 2156 1111 2212 ordimem
1120 2157 1176 2213 sibi
1184 2157 1337 2226 rrarrauit:

135 2239 310 2312 insuperque
333 2236 399 2304 ait,¹
427 2235 499 2292 Ecce
522 2255 578 2309 quo
603 2235 687 2291 modo
716 2243 854 2308 torqueor.
908 2235 948 2290 It't
976 2236 1051 2292 uidit
1077 2237 1177 2310 iqueas
1196 2240 1338 2311 flaururas

135 2341 155 2375 a
172 2319 280 2392 pbeuta
293 2317 379 2391 pedis
398 2336 488 2390 usque
509 2317 549 2372 ad
566 2325 672 2391 pectus.
716 2315 757 2370 Et
772 2315 860 2390 petiit
880 2315 916 2371 ab
936 2335 970 2371 ea
990 2317 1017 2372 si
1037 2318 1110 2390 quid
1130 2318 1157 2374 ei
1173 2339 1338 2376 succurrere

131 2408 235 2476 posset.
279 2399 319 2454 Εἰ
342 2397 419 2466 illa,
443 2397 478 2454 Si
499 2397 565 2471 quis
584 2396 706 2453 uoluerit
725 2416 783 2471 pro
807 2396 910 2452 areima
929 2417 994 2453 mea
1013 2397 1066 2454 sub
1084 2397 1189 2472 jbrma
1210 2400 1338 2472 sequenti

134 2501 232 2537 uuum
255 2477 402 2554 tripiutale
423 2477 567 2548 celebrare,
589 2477 670 2534 salua
694 2476 886 2546 erm—MSS.
910 2476 933 2534 (l
958 2477 982 2533 dr
1007 2475 1070 2556 D.]‚
1095 2480 1339 2540 videlicet:-tres

137 2562 243 2619 missas
270 2562 304 2617 de
331 2559 567 2615 Armurrtiatioue
596 2558 681 2616 beatu
709 2558 819 2615 Murice
848 2558 999 2631 Virqiuis;
1030 2567 1086 2616 tres
1113 2561 1147 2616 de
1175 2561 1339 2618 Natiuitate

136 2641 264 2700 Domini
272 2663 284 2710 ,·
310 2650 365 2698 tres
386 2641 420 2697 de
439 2639 648 2714 Apparatum,
663 2638 768 2696 scilicet
788 2639 821 2695 de
841 2638 1014 2713 Equpbauia
1022 2661 1036 2704 ;
1066 2649 1122 2697 tres
1141 2642 1176 2698 de
1195 2642 1339 2716 Pumficrr-

139 2725 216 2782 tioae
237 2722 323 2779 beatu
343 2721 451 2778 Murice
472 2720 622 2794 Virpiuis,·
648 2729 704 2777 tres
724 2721 759 2777 de
778 2719 1017 2788 Itesur·rectioue,·
1040 2729 1095 2777 tres
1115 2722 1149 2778 de
1169 2721 1340 2780 Ascerssiorre

138 2804 265 2862 Domini
272 2825 285 2872 ,·
307 2813 363 2860 tres
383 2804 417 2859 de
437 2801 598 2859 Pentecoste
607 2824 619 2869 ,·
641 2810 698 2858 tres
717 2803 752 2858 de
770 2800 880 2858 Sarrcta
895 2801 1040 2858 Triuitate
1051 2823 1063 2870 ,·
1085 2811 1140 2859 tres
1155 2803 1189 2860 de
1202 2803 1340 2878 Assump-

140 2887 218 2943 tione
246 2885 332 2942 beatu
358 2884 466 2940 Murice
500 2883 635 2957 Virqiuis,
661 2891 685 2939 et
710 2891 765 2939 tres
792 2884 826 2939 de
853 2882 1017 2939 Natiuitate
1044 2882 1178 2961 ejusdem.
1234 2882 1286 2941 Ita
1307 2893 1341 2941 ut

140 2967 242 3024 Misere
263 2965 435 3022 celebrentur
456 2963 540 3038 iufra
560 2964 681 3021 Octavus
701 2963 845 3020 dictorum
862 2963 1022 3034 Festorum,
1038 2973 1064 3020 et
1077 2985 1186 3040 semper
1208 2963 1341 3040 Officium

141 3048 197 3105 erit
225 3046 299 3103 aiam
325 3046 360 3101 iu
385 3044 488 3120 prima
515 3046 561 3102 die
589 3065 655 3102 cum
682 3043 863 3118 sequentibus
895 3043 1091 3117 Orationibus,
1120 3045 1234 3118 scilicet,
1259 3046 1342 3103 Deus

142 3129 194 3204 qui
230 3147 260 3184 es
293 3132 396 3182 nostra
429 3125 613 3202 redemptio;
646 3125 767 3195 Secreta,
798 3124 993 3201 Omnipotens
1027 3126 1206 3202 sempiterno
1240 3127 1322 3184 Deus
1334 3149 1343 3198 ;

142 3207 387 3277 Postcommurrm,
403 3205 485 3263 Deus
506 3208 589 3281 cujus
602 3205 826 3276 misericordiae3
847 3214 872 3262 et
886 3205 1038 3263 Oratioues
1051 3227 1115 3280 qure
1129 3217 1291 3282 sequautur
1310 3207 1344 3265 iu

134 3294 199 3366 firre
223 3288 407 3346 narrationis
430 3287 519 3362 liujus
541 3287 679 3344 dicautur
706 3286 835 3362 quotidie
857 3307 1048 3360 perauctum
1071 3289 1106 3344 de
1127 3287 1280 3345 celebrante
1301 3290 1345 3346 uel

134 3371 265 3447 faciente
280 3368 421 3426 celebrari.
461 3369 548 3443 Papa
561 3388 625 3426 cero
636 3368 687 3426 boc
701 3368 822 3425 admisit
835 3366 887 3424 srrb
901 3368 1062 3424 corrditioue
1076 3377 1110 3424 ut
1124 3389 1203 3426 armo
1216 3369 1345 3427 revoluto

143 3451 279 3510 revelaret
294 3451 319 3508 ei
329 3459 439 3506 statum
450 3469 545 3519 suum,
561 3450 638 3524 quod
652 3449 704 3505 illa
718 3448 851 3506 coacessit
865 3457 891 3505 et
904 3448 1004 3504 statim
1017 3449 1143 3508 ecarruit.
1186 3450 1257 3508 Post
1271 3453 1346 3507 armi

144 3554 209 3591 aero
223 3531 427 3589 revolutionem
440 3551 507 3586 cum
519 3530 608 3604 Papa
622 3531 662 3586 ad
675 3530 800 3586 Missam
814 3538 910 3600 staret,
923 3529 1000 3586 circa
1014 3550 1079 3586 euru
1093 3529 1191 3587 tumere
1204 3533 1346 3607 apparuit

143 3614 295 3690 ineffabile.
341 3611 493 3684 Quofacto
507 3609 684 3686 stupefactus
704 3611 778 3666 uidit
799 3611 872 3666 duos
886 3610 1000 3684 auqebos
1020 3613 1054 3668 de
1068 3611 1133 3668 coelo
1152 3613 1347 3669 desceudeutes

145 3706 170 3754 et
184 3698 262 3752 irater·
281 3715 327 3751 eos
342 3692 572 3768 pulcherrimam
585 3691 736 3747 dorrriuam
753 3691 893 3762 ducentes,
909 3712 999 3765 quam
1020 3692 1143 3750 credidit
1156 3713 1212 3749 esse
1225 3703 1346 3749 matram

146 3775 351 3834 misericordiae
361 3796 374 3842 ,·
395 3783 421 3830 et
433 3794 509 3847 percu
517 3771 597 3848 flesso
615 3772 741 3828 osculari
756 3772 843 3846 pedes
856 3771 917 3847 ejus
931 3773 1070 3848 cupiebat,
1086 3783 1112 3830 et
1130 3773 1215 3844 dicit,
1231 3773 1347 3850 Regina

147 3855 363 3926 misericordiae,
393 3855 529 3911 miserere
563 3853 668 3909 animae
700 3854 803 3908 matris
830 3873 909 3909 meae.
962 3854 1032 3924 Qua
1066 3855 1221 3930 respoud't,
1251 3855 1276 3911 Ο
1305 3856 1348 3910 fili

145 3938 303 4009 carissime,
318 3955 372 4011 ego
388 3954 452 3991 sum
472 3940 567 3990 mater
584 3941 644 4005 tua,
663 3935 798 4009 precibus
818 3934 879 3990 tuis
897 3935 1029 3992 salvata:
1063 3936 1218 3992 benedicta
1237 3935 1277 3991 sit
1297 3936 1348 3992 illa

145 4020 293 4093 horaque
306 4023 337 4073 te
351 4016 497 4092 generavi.
528 4016 568 4074 Et
582 4016 622 4073 sic
637 4016 671 4072 ab
687 4015 776 4072 oculis
785 4014 846 4090 ejus
860 4016 985 4074 erauur't.

211 4098 320 4158 Oratio.

210 4180 302 4251 Deus,
317 4178 369 4254 qui
383 4198 414 4235 es
427 4184 529 4234 nostra
547 4176 717 4253 redemptio,
735 4182 765 4233 et
786 4177 818 4233 in
839 4184 919 4233 terra
938 4177 1140 4253 promissionis
1160 4183 1230 4234 ante
1250 4197 1349 4234 ornnes

148 4269 244 4320 terras
266 4259 348 4317 nasci
375 4259 498 4334 elegisti,
522 4263 705 4332 mortemque
728 4257 838 4314 ibidem
865 4257 1050 4328 sustinuisti;
1084 4258 1179 4314 libera
1202 4259 1348 4334 propitius

149 4343 279 4399 animam
302 4340 408 4397 famuli
429 4341 475 4395 tui
496 4340 536 4396 N.
560 4339 596 4395 de
617 4338 753 4395 manibus
781 4338 956 4408 daemonum,
979 4343 1009 4394 et
1032 4338 1156 4395 eandem
1177 4344 1290 4395 terram
1313 4340 1350 4395 ‹le

149 4429 297 4500 potestate
319 4440 500 4497 paganorum
511 4440 518 4491 ;
547 4425 581 4476 ut
601 4419 727 4497 populus
748 4419 800 4493 qui
820 4418 853 4474 in
873 4425 904 4476 te
927 4439 985 4475 non
1009 4419 1111 4490 credit,
1132 4439 1184 4496 per
1204 4420 1348 4478 virtutem
