<?xml version="1.0" encoding="UTF-8"?>
<!DOCTYPE html PUBLIC "-//W3C//DTD XHTML 1.0 Transitional//EN"
    "http://www.w3.org/TR/xhtml1/DTD/xhtml1-transitional.dtd">
<html xmlns="http://www.w3.org/1999/xhtml" xml:lang="en" lang="en">
 <head>
  <title>
</title>
<meta http-equiv="Content-Type" content="text/html;charset=utf-8" />
  <meta name='ocr-system' content='tesseract 3.04.00' />
  <meta name='ocr-capabilities' content='ocr_page ocr_carea ocr_par ocr_line ocrx_word'/>
</head>
<body>
  <div class='ocr_page' id='page_1' title='image "./missaleadusumin01churgoog_0315.png"; bbox 0 0 2910 4904; ppageno 0'>
   <div class='ocr_carea' id='block_1_1' title="bbox 126 217 780 285">
    <p class='ocr_par' dir='ltr' id='par_1_1' title="bbox 126 217 780 285">
     <span class='ocr_line' id='line_1_1' title="bbox 126 217 780 285; baseline -0.002 -2"><span class='ocrx_word' id='word_1_1' title='bbox 126 223 188 285; x_wconf 75' lang='lat'><strong>286</strong></span> <span class='ocrx_word' id='word_1_2' title='bbox 658 217 780 282; x_wconf 83' lang='lat' dir='ltr'><strong>Proaoe.</strong></span> 
     </span>
    </p>
   </div>
   <div class='ocr_carea' id='block_1_2' title="bbox 125 383 1323 1105">
    <p class='ocr_par' dir='ltr' id='par_1_2' title="bbox 125 383 1034 455">
     <span class='ocr_line' id='line_1_2' title="bbox 125 383 1034 455; baseline 0 -13"><span class='ocrx_word' id='word_1_3' title='bbox 125 385 185 455; x_wconf 77' lang='lat' dir='ltr'><strong>Qui</strong></span> <span class='ocrx_word' id='word_1_4' title='bbox 197 383 349 441; x_wconf 74' lang='lat' dir='ltr'>exsultans</span> <span class='ocrx_word' id='word_1_5' title='bbox 361 383 426 442; x_wconf 87' lang='lat' dir='ltr'><strong>ibat</strong></span> <span class='ocrx_word' id='word_1_6' title='bbox 439 390 470 441; x_wconf 90' lang='lat' dir='ltr'><strong>et</strong></span> <span class='ocrx_word' id='word_1_7' title='bbox 482 383 645 441; x_wconf 89' lang='lat' dir='ltr'><strong>Dominum</strong></span> <span class='ocrx_word' id='word_1_8' title='bbox 657 390 756 442; x_wconf 89' lang='lat' dir='ltr'><strong>mente</strong></span> <span class='ocrx_word' id='word_1_9' title='bbox 768 383 907 442; x_wconf 88' lang='lat' dir='ltr'><strong>laudabat</strong></span> <span class='ocrx_word' id='word_1_10' title='bbox 920 385 1034 455; x_wconf 85' lang='lat' dir='ltr'><strong>devota,</strong></span> 
     </span>
    </p>

    <p class='ocr_par' dir='ltr' id='par_1_3' title="bbox 126 465 1025 541">
     <span class='ocr_line' id='line_1_3' title="bbox 126 465 1025 541; baseline 0 -18"><span class='ocrx_word' id='word_1_11' title='bbox 126 467 167 523; x_wconf 83' lang='lat' dir='ltr'><strong>Et</strong></span> <span class='ocrx_word' id='word_1_12' title='bbox 180 486 247 522; x_wconf 87' lang='lat' dir='ltr'><strong>cum</strong></span> <span class='ocrx_word' id='word_1_13' title='bbox 260 486 375 522; x_wconf 85' lang='lat' dir='ltr'><strong>erucem</strong></span> <span class='ocrx_word' id='word_1_14' title='bbox 388 465 504 541; x_wconf 84' lang='lat' dir='ltr'><strong>alonge</strong></span> <span class='ocrx_word' id='word_1_15' title='bbox 517 471 656 537; x_wconf 85' lang='lat' dir='ltr'><strong>cerneret,</strong></span> <span class='ocrx_word' id='word_1_16' title='bbox 671 485 741 522; x_wconf 80' lang='lat' dir='ltr'><strong>voce</strong></span> <span class='ocrx_word' id='word_1_17' title='bbox 754 465 852 540; x_wconf 86' lang='lat' dir='ltr'><strong>inquit</strong></span> <span class='ocrx_word' id='word_1_18' title='bbox 864 465 1025 523; x_wconf 68' lang='lat' dir='ltr'><strong>latissima.</strong></span> 
     </span>
    </p>

    <p class='ocr_par' dir='ltr' id='par_1_4' title="bbox 126 545 1251 623">
     <span class='ocr_line' id='line_1_4' title="bbox 126 545 1251 623; baseline 0.003 -20"><span class='ocrx_word' id='word_1_19' title='bbox 126 545 222 618; x_wconf 79' lang='lat' dir='ltr'><strong>Salve,</strong></span> <span class='ocrx_word' id='word_1_20' title='bbox 237 546 263 603; x_wconf 90' lang='grc' dir='ltr'>Ο</span> <span class='ocrx_word' id='word_1_21' title='bbox 278 566 351 604; x_wconf 78' lang='lat' dir='ltr'><strong>crux</strong></span> <span class='ocrx_word' id='word_1_22' title='bbox 365 551 473 617; x_wconf 80' lang='lat' dir='ltr'><strong>sancta,</strong></span> <span class='ocrx_word' id='word_1_23' title='bbox 489 565 534 602; x_wconf 89' lang='lat' dir='ltr'><strong>me</strong></span> <span class='ocrx_word' id='word_1_24' title='bbox 548 546 611 621; x_wconf 89' lang='lat' dir='ltr'><strong>ejus</strong></span> <span class='ocrx_word' id='word_1_25' title='bbox 625 545 677 620; x_wconf 92' lang='lat' dir='ltr'><strong>qui</strong></span> <span class='ocrx_word' id='word_1_26' title='bbox 689 551 720 602; x_wconf 87' lang='lat' dir='ltr'><strong>te</strong></span> <span class='ocrx_word' id='word_1_27' title='bbox 733 552 897 602; x_wconf 67' lang='lat' dir='ltr'><strong>sacraverat</strong></span> <span class='ocrx_word' id='word_1_28' title='bbox 909 552 1063 623; x_wconf 84' lang='lat' dir='ltr'><strong>receptura</strong></span> <span class='ocrx_word' id='word_1_29' title='bbox 1074 547 1251 606; x_wconf 75' lang='lat' dir='ltr'><strong>vernulam:</strong></span> 
     </span>
    </p>

    <p class='ocr_par' dir='ltr' id='par_1_5' title="bbox 126 626 1093 703">
     <span class='ocr_line' id='line_1_5' title="bbox 126 626 1093 703; baseline 0.001 -19"><span class='ocrx_word' id='word_1_30' title='bbox 126 626 166 683; x_wconf 93' lang='lat' dir='ltr'><strong>In</strong></span> <span class='ocrx_word' id='word_1_31' title='bbox 180 647 239 703; x_wconf 92' lang='lat' dir='ltr'><strong>qua</strong></span> <span class='ocrx_word' id='word_1_32' title='bbox 252 632 284 684; x_wconf 89' lang='lat' dir='ltr'><strong>et</strong></span> <span class='ocrx_word' id='word_1_33' title='bbox 297 627 403 684; x_wconf 87' lang='lat' dir='ltr'><strong>affixus</strong></span> <span class='ocrx_word' id='word_1_34' title='bbox 415 626 505 683; x_wconf 90' lang='lat' dir='ltr'>biduo</span> <span class='ocrx_word' id='word_1_35' title='bbox 519 646 646 701; x_wconf 87' lang='lat' dir='ltr'><strong>superna</strong></span> <span class='ocrx_word' id='word_1_36' title='bbox 659 626 776 703; x_wconf 89' lang='lat' dir='ltr'><strong>populis</strong></span> <span class='ocrx_word' id='word_1_37' title='bbox 787 626 966 702; x_wconf 85' lang='lat' dir='ltr'><strong>praedicabat</strong></span> <span class='ocrx_word' id='word_1_38' title='bbox 976 627 1093 703; x_wconf 85' lang='lat' dir='ltr'><strong>gaudia.</strong></span> 
     </span>
    </p>

    <p class='ocr_par' dir='ltr' id='par_1_6' title="bbox 126 707 1238 784">
     <span class='ocr_line' id='line_1_6' title="bbox 126 707 1238 784; baseline 0.004 -20"><span class='ocrx_word' id='word_1_39' title='bbox 126 707 183 764; x_wconf 77' lang='lat' dir='ltr'><strong>Oui</strong></span> <span class='ocrx_word' id='word_1_40' title='bbox 196 727 263 764; x_wconf 82' lang='lat' dir='ltr'><strong>cum</strong></span> <span class='ocrx_word' id='word_1_41' title='bbox 275 707 395 764; x_wconf 88' lang='lat' dir='ltr'><strong>tandem</strong></span> <span class='ocrx_word' id='word_1_42' title='bbox 408 727 488 764; x_wconf 91' lang='lat' dir='ltr'><strong>mors</strong></span> <span class='ocrx_word' id='word_1_43' title='bbox 500 708 684 764; x_wconf 85' lang='lat' dir='ltr'><strong>sanctissima</strong></span> <span class='ocrx_word' id='word_1_44' title='bbox 696 707 830 779; x_wconf 76' lang='lat' dir='ltr'>instaret,</span> <span class='ocrx_word' id='word_1_45' title='bbox 844 708 974 783; x_wconf 84' lang='lat' dir='ltr'><strong>gaudens</strong></span> <span class='ocrx_word' id='word_1_46' title='bbox 986 707 1131 784; x_wconf 86' lang='lat' dir='ltr'><strong>prompsit</strong></span> <span class='ocrx_word' id='word_1_47' title='bbox 1143 709 1238 768; x_wconf 81' lang='lat' dir='ltr'><strong>talia:</strong></span> 
     </span>
    </p>

    <p class='ocr_par' dir='ltr' id='par_1_7' title="bbox 125 787 1323 925">
     <span class='ocr_line' id='line_1_7' title="bbox 125 787 1323 867; baseline 0.003 -22"><span class='ocrx_word' id='word_1_48' title='bbox 125 788 147 845; x_wconf 87' lang='lat' dir='ltr'><strong>J</strong></span> <span class='ocrx_word' id='word_1_49' title='bbox 148 807 195 845; x_wconf 89' lang='lat' dir='ltr'><strong>am</strong></span> <span class='ocrx_word' id='word_1_50' title='bbox 208 807 307 864; x_wconf 85' lang='lat' dir='ltr'><strong>regem</strong></span> <span class='ocrx_word' id='word_1_51' title='bbox 319 808 417 845; x_wconf 91' lang='lat' dir='ltr'><strong>meum</strong></span> <span class='ocrx_word' id='word_1_52' title='bbox 433 788 539 860; x_wconf 82' lang='lat' dir='ltr'><strong>vide0;</strong></span> <span class='ocrx_word' id='word_1_53' title='bbox 559 788 655 864; x_wconf 91' lang='lat' dir='ltr'><strong>ipsum</strong></span> <span class='ocrx_word' id='word_1_54' title='bbox 672 788 736 862; x_wconf 89' lang='lat' dir='ltr'><strong>jam</strong></span> <span class='ocrx_word' id='word_1_55' title='bbox 756 787 845 844; x_wconf 91' lang='lat' dir='ltr'><strong>adoro</strong></span> <span class='ocrx_word' id='word_1_56' title='bbox 865 807 918 845; x_wconf 87' lang='lat' dir='ltr'><strong>sua</strong></span> <span class='ocrx_word' id='word_1_57' title='bbox 936 788 1114 864; x_wconf 76' lang='lat' dir='ltr'><strong>pandentem</strong></span> <span class='ocrx_word' id='word_1_58' title='bbox 1134 809 1230 867; x_wconf 85' lang='lat' dir='ltr'><strong>regna</strong></span> <span class='ocrx_word' id='word_1_59' title='bbox 1243 790 1323 848; x_wconf 89' lang='lat' dir='ltr'><strong>mihi</strong></span> 
     </span>
     <span class='ocr_line' id='line_1_8' title="bbox 243 888 314 925; baseline -0.028 -1"><span class='ocrx_word' id='word_1_60' title='bbox 243 888 314 925; x_wconf 80' lang='lat' dir='ltr'><strong>rvra.</strong></span> 
     </span>
    </p>

    <p class='ocr_par' dir='ltr' id='par_1_8' title="bbox 127 889 1322 1025">
     <span class='ocr_line' id='line_1_9' title="bbox 127 889 1322 1025; baseline 0.003 -19"><span class='ocrx_word' id='word_1_61' title='bbox 127 949 167 1005; x_wconf 84' lang='lat' dir='ltr'><strong>Et</strong></span> <span class='ocrx_word' id='word_1_62' title='bbox 180 889 248 1006; x_wconf 70' lang='lat' dir='ltr'><strong>ouprir</strong></span> <span class='ocrx_word' id='word_1_63' title='bbox 258 949 411 1025; x_wconf 87' lang='lat' dir='ltr'><strong>splendore</strong></span> <span class='ocrx_word' id='word_1_64' title='bbox 419 948 511 1004; x_wconf 91' lang='lat' dir='ltr'><strong>nimio</strong></span> <span class='ocrx_word' id='word_1_65' title='bbox 521 948 586 1005; x_wconf 83' lang='lat' dir='ltr'><strong>fuso</strong></span> <span class='ocrx_word' id='word_1_66' title='bbox 595 949 633 1005; x_wconf 92' lang='lat' dir='ltr'><strong>ab</strong></span> <span class='ocrx_word' id='word_1_67' title='bbox 641 949 748 1005; x_wconf 79' lang='lat' dir='ltr'><strong>aethere</strong></span> <span class='ocrx_word' id='word_1_68' title='bbox 756 948 863 1025; x_wconf 86' lang='lat' dir='ltr'><strong>dignus</strong></span> <span class='ocrx_word' id='word_1_69' title='bbox 869 948 970 1007; x_wconf 84' lang='lat' dir='ltr'><strong>laurea</strong></span> <span class='ocrx_word' id='word_1_70' title='bbox 977 949 1072 1008; x_wconf 86' lang='lat' dir='ltr'><strong>vietor</strong></span> <span class='ocrx_word' id='word_1_71' title='bbox 1079 950 1195 1009; x_wconf 80' lang='lat' dir='ltr'><strong>scandit</strong></span> <span class='ocrx_word' id='word_1_72' title='bbox 1201 951 1322 1025; x_wconf 64' lang='lat' dir='ltr'><strong>sidem</strong></span> 
     </span>
    </p>

    <p class='ocr_par' dir='ltr' id='par_1_9' title="bbox 127 1029 787 1105">
     <span class='ocr_line' id='line_1_10' title="bbox 127 1029 787 1105; baseline 0 -19"><span class='ocrx_word' id='word_1_73' title='bbox 127 1029 218 1105; x_wconf 75' lang='lat' dir='ltr'><strong>Cujus</strong></span> <span class='ocrx_word' id='word_1_74' title='bbox 231 1049 285 1086; x_wconf 91' lang='lat' dir='ltr'><strong>nos</strong></span> <span class='ocrx_word' id='word_1_75' title='bbox 298 1049 328 1086; x_wconf 91' lang='lat' dir='ltr'><strong>se</strong></span> <span class='ocrx_word' id='word_1_76' title='bbox 341 1029 425 1105; x_wconf 91' lang='lat' dir='ltr'><strong>sequi</strong></span> <span class='ocrx_word' id='word_1_77' title='bbox 438 1035 539 1086; x_wconf 87' lang='lat' dir='ltr'><strong>saneta</strong></span> <span class='ocrx_word' id='word_1_78' title='bbox 548 1031 658 1105; x_wconf 86' lang='lat' dir='ltr'><strong>juvent</strong></span> <span class='ocrx_word' id='word_1_79' title='bbox 671 1030 787 1086; x_wconf 88' lang='lat' dir='ltr'><strong>merita.</strong></span> 
     </span>
    </p>
   </div>
   <div class='ocr_carea' id='block_1_3' title="bbox 404 1191 1035 1385">
    <p class='ocr_par' dir='ltr' id='par_1_10' title="bbox 404 1191 1035 1385">
     <span class='ocr_line' id='line_1_11' title="bbox 698 1191 741 1250; baseline 0.07 -3"><span class='ocrx_word' id='word_1_80' title='bbox 698 1191 741 1250; x_wconf 89' lang='lat' dir='ltr'><strong>V.</strong></span> 
     </span>
     <span class='ocr_line' id='line_1_12' title="bbox 404 1314 1035 1385; baseline 0.002 -15"><span class='ocrx_word' id='word_1_81' title='bbox 404 1315 454 1370; x_wconf 81' lang='lat' dir='ltr'><strong>Du</strong></span> <span class='ocrx_word' id='word_1_82' title='bbox 473 1330 586 1371; x_wconf 72' lang='lat' dir='ltr'><strong>smero</strong></span> <span class='ocrx_word' id='word_1_83' title='bbox 607 1314 853 1385; x_wconf 70' lang='lat' dir='ltr'><strong>Biannonouna</strong></span> <span class='ocrx_word' id='word_1_84' title='bbox 873 1329 1035 1372; x_wconf 70' lang='lat' dir='ltr'><strong>arosrono.</strong></span> 
     </span>
    </p>
   </div>
   <div class='ocr_carea' id='block_1_4' title="bbox 206 1434 1319 1609">
    <p class='ocr_par' dir='ltr' id='par_1_11' title="bbox 206 1434 1319 1609">
     <span class='ocr_line' id='line_1_13' title="bbox 265 1434 678 1511; baseline -0.007 -18"><span class='ocrx_word' id='word_1_85' title='bbox 265 1437 315 1494; x_wconf 78' lang='lat' dir='ltr'><strong>Ad</strong></span> <span class='ocrx_word' id='word_1_86' title='bbox 327 1436 483 1511; x_wconf 77' lang='lat' dir='ltr'><strong>Sequentia</strong></span> <span class='ocrx_word' id='word_1_87' title='bbox 502 1434 678 1491; x_wconf 83' lang='lat' dir='ltr'><strong>Multisarie.</strong></span> 
     </span>
     <span class='ocr_line' id='line_1_14' title="bbox 206 1527 1319 1609; baseline 0.002 -23"><span class='ocrx_word' id='word_1_88' title='bbox 206 1531 293 1586; x_wconf 69' lang='lat' dir='ltr'><strong>Auru</strong></span> <span class='ocrx_word' id='word_1_89' title='bbox 307 1544 476 1586; x_wconf 71' lang='lat' dir='ltr'><strong>causamn</strong></span> <span class='ocrx_word' id='word_1_90' title='bbox 489 1532 572 1584; x_wconf 86' lang='lat' dir='ltr'><strong>sonet</strong></span> <span class='ocrx_word' id='word_1_91' title='bbox 585 1527 690 1583; x_wconf 86' lang='lat' dir='ltr'><strong>chorus</strong></span> <span class='ocrx_word' id='word_1_92' title='bbox 703 1532 856 1583; x_wconf 83' lang='lat' dir='ltr'><strong>cantorum</strong></span> <span class='ocrx_word' id='word_1_93' title='bbox 868 1532 899 1584; x_wconf 82' lang='lat' dir='ltr'><strong>et</strong></span> <span class='ocrx_word' id='word_1_94' title='bbox 913 1527 977 1584; x_wconf 91' lang='lat' dir='ltr'><strong>sub</strong></span> <span class='ocrx_word' id='word_1_95' title='bbox 964 1534 1073 1604; x_wconf 86' lang='lat' dir='ltr'><strong>Jungat</strong></span> <span class='ocrx_word' id='word_1_96' title='bbox 1085 1528 1228 1587; x_wconf 84' lang='lat' dir='ltr'><strong>duloibile</strong></span> <span class='ocrx_word' id='word_1_97' title='bbox 1236 1530 1319 1609; x_wconf 64' lang='lat' dir='ltr'><strong>luyz,</strong></span> 
     </span>
    </p>
   </div>
   <div class='ocr_carea' id='block_1_5' title="bbox 206 1607 1319 2330">
    <p class='ocr_par' dir='ltr' id='par_1_12' title="bbox 207 1607 992 1685">
     <span class='ocr_line' id='line_1_15' title="bbox 207 1607 992 1685; baseline -0.003 -18"><span class='ocrx_word' id='word_1_98' title='bbox 207 1609 297 1667; x_wconf 85' lang='lat' dir='ltr'><strong>Nune</strong></span> <span class='ocrx_word' id='word_1_99' title='bbox 310 1609 477 1685; x_wconf 80' lang='lat' dir='ltr'><strong>rhythmica</strong></span> <span class='ocrx_word' id='word_1_100' title='bbox 496 1607 615 1664; x_wconf 89' lang='lat' dir='ltr'><strong>tinnula</strong></span> <span class='ocrx_word' id='word_1_101' title='bbox 626 1626 697 1664; x_wconf 84' lang='lat' dir='ltr'><strong>voce</strong></span> <span class='ocrx_word' id='word_1_102' title='bbox 710 1607 783 1664; x_wconf 89' lang='lat' dir='ltr'><strong>dans</strong></span> <span class='ocrx_word' id='word_1_103' title='bbox 795 1607 992 1680; x_wconf 76' lang='lat' dir='ltr'><strong>melodimate,</strong></span> 
     </span>
    </p>

    <p class='ocr_par' dir='ltr' id='par_1_13' title="bbox 207 1688 874 1766">
     <span class='ocr_line' id='line_1_16' title="bbox 207 1688 874 1766; baseline -0.005 -19"><span class='ocrx_word' id='word_1_104' title='bbox 207 1691 309 1747; x_wconf 90' lang='lat' dir='ltr'><strong>Aurea</strong></span> <span class='ocrx_word' id='word_1_105' title='bbox 320 1709 374 1766; x_wconf 93' lang='lat' dir='ltr'><strong>pro</strong></span> <span class='ocrx_word' id='word_1_106' title='bbox 387 1689 482 1746; x_wconf 86' lang='lat' dir='ltr'><strong>infula</strong></span> <span class='ocrx_word' id='word_1_107' title='bbox 491 1688 700 1745; x_wconf 86' lang='lat' dir='ltr'><strong>Bartholomaei</strong></span> <span class='ocrx_word' id='word_1_108' title='bbox 712 1688 874 1763; x_wconf 85' lang='lat' dir='ltr'><strong>splendida.</strong></span> 
     </span>
    </p>

    <p class='ocr_par' dir='ltr' id='par_1_14' title="bbox 207 1769 1319 1926">
     <span class='ocr_line' id='line_1_17' title="bbox 207 1769 1319 1847; baseline 0.003 -19"><span class='ocrx_word' id='word_1_109' title='bbox 207 1771 280 1828; x_wconf 87' lang='lat' dir='ltr'><strong>Dux</strong></span> <span class='ocrx_word' id='word_1_110' title='bbox 290 1771 390 1828; x_wconf 84' lang='lat' dir='ltr'><strong>doctor</strong></span> <span class='ocrx_word' id='word_1_111' title='bbox 399 1769 541 1826; x_wconf 86' lang='lat' dir='ltr'><strong>Indorum</strong></span> <span class='ocrx_word' id='word_1_112' title='bbox 543 1769 726 1844; x_wconf 86' lang='lat' dir='ltr'><strong>,praeeleotus</strong></span> <span class='ocrx_word' id='word_1_113' title='bbox 735 1769 893 1844; x_wconf 83' lang='lat' dir='ltr'><strong>apostolus,</strong></span> <span class='ocrx_word' id='word_1_114' title='bbox 898 1769 1319 1847; x_wconf 74' lang='lat' dir='ltr'><strong>mundumspermateornans,</strong></span> 
     </span>
     <span class='ocr_line' id='line_1_18' title="bbox 207 1849 1076 1926; baseline -0.002 -17"><span class='ocrx_word' id='word_1_115' title='bbox 207 1853 331 1909; x_wconf 75' lang='lat' dir='ltr'><strong>Senator</strong></span> <span class='ocrx_word' id='word_1_116' title='bbox 343 1871 395 1926; x_wconf 82' lang='lat' dir='ltr'><strong>qur</strong></span> <span class='ocrx_word' id='word_1_117' title='bbox 385 1850 498 1926; x_wconf 89' lang='lat' dir='ltr'><strong>pollet</strong></span> <span class='ocrx_word' id='word_1_118' title='bbox 511 1868 649 1925; x_wconf 84' lang='lat' dir='ltr'><strong>generosa</strong></span> <span class='ocrx_word' id='word_1_119' title='bbox 662 1850 717 1906; x_wconf 92' lang='lat' dir='ltr'><strong>sub</strong></span> <span class='ocrx_word' id='word_1_120' title='bbox 730 1850 830 1906; x_wconf 89' lang='lat' dir='ltr'><strong>laurea</strong></span> <span class='ocrx_word' id='word_1_121' title='bbox 843 1849 973 1926; x_wconf 84' lang='lat' dir='ltr'><strong>angelica</strong></span> <span class='ocrx_word' id='word_1_122' title='bbox 986 1851 1076 1908; x_wconf 86' lang='lat' dir='ltr'><strong>curia</strong></span> 
     </span>
    </p>

    <p class='ocr_par' dir='ltr' id='par_1_15' title="bbox 206 1929 1248 2087">
     <span class='ocr_line' id='line_1_19' title="bbox 206 1929 1248 2008; baseline 0.001 -18"><span class='ocrx_word' id='word_1_123' title='bbox 206 1933 228 1990; x_wconf 87' lang='lat' dir='ltr'><strong>J</strong></span> <span class='ocrx_word' id='word_1_124' title='bbox 229 1951 277 1988; x_wconf 91' lang='lat' dir='ltr'><strong>am</strong></span> <span class='ocrx_word' id='word_1_125' title='bbox 291 1931 409 1988; x_wconf 88' lang='lat' dir='ltr'><strong>Indiam</strong></span> <span class='ocrx_word' id='word_1_126' title='bbox 421 1930 490 1988; x_wconf 87' lang='lat' dir='ltr'><strong>hio</strong></span> <span class='ocrx_word' id='word_1_127' title='bbox 481 1949 628 2004; x_wconf 85' lang='lat' dir='ltr'><strong>rngressus</strong></span> <span class='ocrx_word' id='word_1_128' title='bbox 641 1949 712 1986; x_wconf 88' lang='lat' dir='ltr'><strong>mox</strong></span> <span class='ocrx_word' id='word_1_129' title='bbox 724 1929 901 1986; x_wconf 87' lang='lat' dir='ltr'><strong>daemonium</strong></span> <span class='ocrx_word' id='word_1_130' title='bbox 913 1930 1080 1988; x_wconf 87' lang='lat' dir='ltr'><strong>Ashtaroth</strong></span> <span class='ocrx_word' id='word_1_131' title='bbox 1092 1930 1248 2008; x_wconf 78' lang='lat' dir='ltr'><strong>ligaverat.</strong></span> 
     </span>
     <span class='ocr_line' id='line_1_20' title="bbox 208 2010 1163 2087; baseline 0.001 -18"><span class='ocrx_word' id='word_1_132' title='bbox 208 2012 318 2070; x_wconf 88' lang='lat' dir='ltr'><strong>Ordine</strong></span> <span class='ocrx_word' id='word_1_133' title='bbox 331 2011 480 2086; x_wconf 79' lang='lat' dir='ltr'><strong>posthinc</strong></span> <span class='ocrx_word' id='word_1_134' title='bbox 493 2016 524 2067; x_wconf 92' lang='lat' dir='ltr'><strong>et</strong></span> <span class='ocrx_word' id='word_1_135' title='bbox 536 2010 657 2087; x_wconf 86' lang='lat' dir='ltr'><strong>pulchre</strong></span> <span class='ocrx_word' id='word_1_136' title='bbox 670 2011 747 2086; x_wconf 85' lang='lat' dir='ltr'><strong>regis</strong></span> <span class='ocrx_word' id='word_1_137' title='bbox 759 2010 851 2067; x_wconf 86' lang='lat' dir='ltr'><strong>filiam</strong></span> <span class='ocrx_word' id='word_1_138' title='bbox 864 2012 981 2068; x_wconf 86' lang='lat' dir='ltr'><strong>sanavit</strong></span> <span class='ocrx_word' id='word_1_139' title='bbox 993 2012 1163 2070; x_wconf 83' lang='lat' dir='ltr'><strong>lunaticam.</strong></span> 
     </span>
    </p>

    <p class='ocr_par' dir='ltr' id='par_1_16' title="bbox 206 2090 905 2167">
     <span class='ocr_line' id='line_1_21' title="bbox 206 2090 905 2167; baseline -0.001 -18"><span class='ocrx_word' id='word_1_140' title='bbox 206 2092 274 2149; x_wconf 85' lang='lat' dir='ltr'><strong>Hoc</strong></span> <span class='ocrx_word' id='word_1_141' title='bbox 287 2111 422 2148; x_wconf 82' lang='lat' dir='ltr'><strong>accensus</strong></span> <span class='ocrx_word' id='word_1_142' title='bbox 435 2098 552 2167; x_wconf 85' lang='lat' dir='ltr'><strong>stupore</strong></span> <span class='ocrx_word' id='word_1_143' title='bbox 565 2110 619 2147; x_wconf 84' lang='lat' dir='ltr'><strong>rex</strong></span> <span class='ocrx_word' id='word_1_144' title='bbox 632 2090 776 2148; x_wconf 86' lang='lat' dir='ltr'><strong>Polimius</strong></span> <span class='ocrx_word' id='word_1_145' title='bbox 789 2091 905 2149; x_wconf 81' lang='lat' dir='ltr'><strong>lavaora</strong></span> 
     </span>
    </p>

    <p class='ocr_par' dir='ltr' id='par_1_17' title="bbox 206 2171 983 2265">
     <span class='ocr_line' id='line_1_22' title="bbox 206 2171 983 2265; baseline 0 -36"><span class='ocrx_word' id='word_1_146' title='bbox 206 2172 289 2229; x_wconf 88' lang='lat' dir='ltr'><strong>Petit</strong></span> <span class='ocrx_word' id='word_1_147' title='bbox 302 2171 379 2229; x_wconf 86' lang='lat' dir='ltr'><strong>alma</strong></span> <span class='ocrx_word' id='word_1_148' title='bbox 391 2172 538 2265; x_wconf 86' lang='lat' dir='ltr'><strong>baptismi,</strong></span> <span class='ocrx_word' id='word_1_149' title='bbox 552 2171 703 2247; x_wconf 89' lang='lat' dir='ltr'><strong>plebisque</strong></span> <span class='ocrx_word' id='word_1_150' title='bbox 715 2191 775 2229; x_wconf 77' lang='lat' dir='ltr'><strong>sua</strong></span> <span class='ocrx_word' id='word_1_151' title='bbox 787 2192 855 2248; x_wconf 86' lang='lat' dir='ltr'><strong>pars</strong></span> <span class='ocrx_word' id='word_1_152' title='bbox 867 2191 983 2249; x_wconf 85' lang='lat' dir='ltr'><strong>magna.</strong></span> 
     </span>
    </p>

    <p class='ocr_par' dir='ltr' id='par_1_18' title="bbox 207 2252 855 2330">
     <span class='ocr_line' id='line_1_23' title="bbox 207 2252 855 2330; baseline 0 -20"><span class='ocrx_word' id='word_1_153' title='bbox 207 2252 298 2328; x_wconf 77' lang='lat' dir='ltr'><strong>Cujus</strong></span> <span class='ocrx_word' id='word_1_154' title='bbox 311 2252 420 2309; x_wconf 88' lang='lat' dir='ltr'><strong>vultu</strong></span> <span class='ocrx_word' id='word_1_155' title='bbox 412 2253 539 2328; x_wconf 80' lang='lat' dir='ltr'><strong>insignia</strong></span> <span class='ocrx_word' id='word_1_156' title='bbox 552 2253 699 2309; x_wconf 82' lang='lat' dir='ltr'><strong>virtutum</strong></span> <span class='ocrx_word' id='word_1_157' title='bbox 708 2253 855 2330; x_wconf 86' lang='lat' dir='ltr'><strong>magnalia</strong></span> 
     </span>
    </p>
   </div>
   <div class='ocr_carea' id='block_1_6' title="bbox 204 2333 1319 2896">
    <p class='ocr_par' dir='ltr' id='par_1_19' title="bbox 207 2333 1318 2490">
     <span class='ocr_line' id='line_1_24' title="bbox 207 2333 1318 2414; baseline 0.005 -23"><span class='ocrx_word' id='word_1_158' title='bbox 207 2333 340 2411; x_wconf 84' lang='lat' dir='ltr'><strong>Nigrifer</strong></span> <span class='ocrx_word' id='word_1_159' title='bbox 352 2333 429 2410; x_wconf 77' lang='lat' dir='ltr'><strong>(sie)</strong></span> <span class='ocrx_word' id='word_1_160' title='bbox 445 2339 562 2390; x_wconf 83' lang='lat' dir='ltr'><strong>enarrat</strong></span> <span class='ocrx_word' id='word_1_161' title='bbox 583 2333 695 2406; x_wconf 70' lang='lat' dir='ltr'><strong>Beria,</strong></span> <span class='ocrx_word' id='word_1_162' title='bbox 710 2334 818 2390; x_wconf 85' lang='lat' dir='ltr'><strong>timens</strong></span> <span class='ocrx_word' id='word_1_163' title='bbox 832 2333 944 2390; x_wconf 80' lang='lat' dir='ltr'><strong>Christi</strong></span> <span class='ocrx_word' id='word_1_164' title='bbox 957 2334 1092 2408; x_wconf 88' lang='lat' dir='ltr'><strong>militem,</strong></span> <span class='ocrx_word' id='word_1_165' title='bbox 1112 2354 1172 2411; x_wconf 91' lang='lat' dir='ltr'><strong>quo</strong></span> <span class='ocrx_word' id='word_1_166' title='bbox 1187 2337 1318 2414; x_wconf 82' lang='lat' dir='ltr'><strong>jubente</strong></span> 
     </span>
     <span class='ocr_line' id='line_1_25' title="bbox 285 2413 1079 2490; baseline 0.004 -20"><span class='ocrx_word' id='word_1_167' title='bbox 285 2413 422 2471; x_wconf 88' lang='lat' dir='ltr'><strong>horridus</strong></span> <span class='ocrx_word' id='word_1_168' title='bbox 435 2434 488 2471; x_wconf 89' lang='lat' dir='ltr'><strong>sua</strong></span> <span class='ocrx_word' id='word_1_169' title='bbox 497 2413 585 2490; x_wconf 83' lang='lat' dir='ltr'><strong>fregit</strong></span> <span class='ocrx_word' id='word_1_170' title='bbox 600 2414 766 2470; x_wconf 85' lang='lat' dir='ltr'><strong>Ashtaroth</strong></span> <span class='ocrx_word' id='word_1_171' title='bbox 779 2413 976 2472; x_wconf 77' lang='lat' dir='ltr'><strong>abscedendo*</strong></span> <span class='ocrx_word' id='word_1_172' title='bbox 988 2415 1079 2473; x_wconf 84' lang='lat' dir='ltr'><strong>idola.</strong></span> 
     </span>
    </p>

    <p class='ocr_par' dir='ltr' id='par_1_20' title="bbox 206 2484 981 2586">
     <span class='ocr_line' id='line_1_26' title="bbox 206 2484 981 2586; baseline 0.003 -36"><span class='ocrx_word' id='word_1_173' title='bbox 206 2492 297 2552; x_wconf 86' lang='lat' dir='ltr'><strong>Hune</strong></span> <span class='ocrx_word' id='word_1_174' title='bbox 310 2500 396 2551; x_wconf 88' lang='lat' dir='ltr'><strong>tanta</strong></span> <span class='ocrx_word' id='word_1_175' title='bbox 408 2501 576 2586; x_wconf 83' lang='lat' dir='ltr'><strong>patrantem</strong></span> <span class='ocrx_word' id='word_1_176' title='bbox 589 2494 666 2551; x_wconf 89' lang='lat' dir='ltr'><strong>bona</strong></span> <span class='ocrx_word' id='word_1_177' title='bbox 679 2484 843 2570; x_wconf 83' lang='lat' dir='ltr'><strong>apostolum</strong></span> <span class='ocrx_word' id='word_1_178' title='bbox 857 2495 981 2552; x_wconf 88' lang='lat' dir='ltr'><strong>Domini</strong></span> 
     </span>
    </p>

    <p class='ocr_par' dir='ltr' id='par_1_21' title="bbox 206 2575 1319 2733">
     <span class='ocr_line' id='line_1_27' title="bbox 206 2575 1319 2650; baseline 0.006 -18"><span class='ocrx_word' id='word_1_179' title='bbox 206 2576 324 2632; x_wconf 87' lang='lat' dir='ltr'><strong>Astrias</strong></span> <span class='ocrx_word' id='word_1_180' title='bbox 350 2575 506 2632; x_wconf 84' lang='lat' dir='ltr'><strong>mandat</strong></span> <span class='ocrx_word' id='word_1_181' title='bbox 497 2576 606 2650; x_wconf 87' lang='lat' dir='ltr'><strong>rmpius</strong></span> <span class='ocrx_word' id='word_1_182' title='bbox 632 2594 685 2632; x_wconf 84' lang='lat' dir='ltr'><strong>rex</strong></span> <span class='ocrx_word' id='word_1_183' title='bbox 709 2575 800 2632; x_wconf 87' lang='lat' dir='ltr'><strong>frater</strong></span> <span class='ocrx_word' id='word_1_184' title='bbox 826 2575 948 2632; x_wconf 89' lang='lat' dir='ltr'><strong>Polimii</strong></span> <span class='ocrx_word' id='word_1_185' title='bbox 973 2595 1081 2635; x_wconf 73' lang='lat' dir='ltr'><strong>casum</strong></span> <span class='ocrx_word' id='word_1_186' title='bbox 1105 2576 1158 2635; x_wconf 89' lang='lat' dir='ltr'><strong>diu</strong></span> <span class='ocrx_word' id='word_1_187' title='bbox 1184 2578 1319 2639; x_wconf 79' lang='lat' dir='ltr'><strong>fustibus</strong></span> 
     </span>
     <span class='ocr_line' id='line_1_28' title="bbox 285 2655 978 2733; baseline 0.007 -20"><span class='ocrx_word' id='word_1_188' title='bbox 285 2663 420 2713; x_wconf 84' lang='lat' dir='ltr'><strong>sanctum</strong></span> <span class='ocrx_word' id='word_1_189' title='bbox 433 2661 521 2732; x_wconf 89' lang='lat' dir='ltr'><strong>caput</strong></span> <span class='ocrx_word' id='word_1_190' title='bbox 535 2655 590 2712; x_wconf 85' lang='lat' dir='ltr'><strong>sub</strong></span> <span class='ocrx_word' id='word_1_191' title='bbox 603 2675 671 2712; x_wconf 90' lang='lat' dir='ltr'><strong>ense</strong></span> <span class='ocrx_word' id='word_1_192' title='bbox 683 2655 804 2713; x_wconf 88' lang='lat' dir='ltr'><strong>tendere</strong></span> <span class='ocrx_word' id='word_1_193' title='bbox 816 2656 854 2712; x_wconf 88' lang='lat' dir='ltr'><strong>ad</strong></span> <span class='ocrx_word' id='word_1_194' title='bbox 864 2656 978 2733; x_wconf 78' lang='lat' dir='ltr'><strong>jugula</strong></span> 
     </span>
    </p>

    <p class='ocr_par' dir='ltr' id='par_1_22' title="bbox 205 2736 880 2812">
     <span class='ocr_line' id='line_1_29' title="bbox 205 2736 880 2812; baseline 0.003 -20"><span class='ocrx_word' id='word_1_195' title='bbox 205 2736 270 2794; x_wconf 84' lang='lat' dir='ltr'><strong>Tali</strong></span> <span class='ocrx_word' id='word_1_196' title='bbox 283 2743 377 2793; x_wconf 86' lang='lat' dir='ltr'><strong>morte</strong></span> <span class='ocrx_word' id='word_1_197' title='bbox 389 2736 514 2811; x_wconf 88' lang='lat' dir='ltr'><strong>gloriosa</strong></span> <span class='ocrx_word' id='word_1_198' title='bbox 527 2736 611 2792; x_wconf 86' lang='lat' dir='ltr'><strong>caelos</strong></span> <span class='ocrx_word' id='word_1_199' title='bbox 624 2737 677 2812; x_wconf 88' lang='lat' dir='ltr'><strong>qui</strong></span> <span class='ocrx_word' id='word_1_200' title='bbox 690 2736 779 2794; x_wconf 85' lang='lat' dir='ltr'><strong>celsos</strong></span> <span class='ocrx_word' id='word_1_201' title='bbox 791 2736 880 2812; x_wconf 89' lang='lat' dir='ltr'><strong>petiit</strong></span> 
     </span>
    </p>

    <p class='ocr_par' dir='ltr' id='par_1_23' title="bbox 204 2816 1111 2896">
     <span class='ocr_line' id='line_1_30' title="bbox 204 2816 1111 2896; baseline 0.004 -23"><span class='ocrx_word' id='word_1_202' title='bbox 204 2816 296 2875; x_wconf 88' lang='lat' dir='ltr'><strong>Prece</strong></span> <span class='ocrx_word' id='word_1_203' title='bbox 309 2817 432 2875; x_wconf 85' lang='lat' dir='ltr'><strong>mundet</strong></span> <span class='ocrx_word' id='word_1_204' title='bbox 445 2836 499 2873; x_wconf 91' lang='lat' dir='ltr'><strong>nos</strong></span> <span class='ocrx_word' id='word_1_205' title='bbox 512 2817 634 2873; x_wconf 84' lang='lat' dir='ltr'><strong>crimine</strong></span> <span class='ocrx_word' id='word_1_206' title='bbox 648 2823 678 2874; x_wconf 87' lang='lat' dir='ltr'><strong>et</strong></span> <span class='ocrx_word' id='word_1_207' title='bbox 690 2817 729 2874; x_wconf 90' lang='lat' dir='ltr'><strong>ad</strong></span> <span class='ocrx_word' id='word_1_208' title='bbox 742 2836 847 2893; x_wconf 86' lang='lat' dir='ltr'><strong>supera</strong></span> <span class='ocrx_word' id='word_1_209' title='bbox 859 2817 999 2895; x_wconf 84' lang='lat' dir='ltr'><strong>perdueat</strong></span> <span class='ocrx_word' id='word_1_210' title='bbox 1011 2837 1111 2896; x_wconf 77' lang='lat' dir='ltr'><strong>regna.</strong></span> 
     </span>
    </p>
   </div>
   <div class='ocr_carea' id='block_1_7' title="bbox 688 2972 749 3030">
    <p class='ocr_par' dir='ltr' id='par_1_24' title="bbox 688 2972 749 3030">
     <span class='ocr_line' id='line_1_31' title="bbox 688 2972 749 3030; baseline 0.016 -1"><span class='ocrx_word' id='word_1_211' title='bbox 688 2972 749 3030; x_wconf 83' lang='lat' dir='ltr'><strong>VI.</strong></span> 
     </span>
    </p>
   </div>
   <div class='ocr_carea' id='block_1_8' title="bbox 305 3093 901 3250">
    <p class='ocr_par' dir='ltr' id='par_1_25' title="bbox 305 3093 901 3250">
     <span class='ocr_line' id='line_1_32' title="bbox 529 3093 901 3153; baseline 0.011 -4"><span class='ocrx_word' id='word_1_212' title='bbox 529 3093 579 3149; x_wconf 86' lang='lat' dir='ltr'><strong>Dn</strong></span> <span class='ocrx_word' id='word_1_213' title='bbox 599 3108 711 3152; x_wconf 68' lang='lat' dir='ltr'><strong>erroro</strong></span> <span class='ocrx_word' id='word_1_214' title='bbox 732 3093 901 3153; x_wconf 76' lang='lat' dir='ltr'><strong>Summo.</strong></span> 
     </span>
     <span class='ocr_line' id='line_1_33' title="bbox 305 3172 455 3250; baseline 0.007 -20"><span class='ocrx_word' id='word_1_215' title='bbox 305 3172 455 3250; x_wconf 86' lang='lat' dir='ltr'><strong>Alleluya.</strong></span> 
     </span>
    </p>
   </div>
   <div class='ocr_carea' id='block_1_9' title="bbox 246 3269 1202 3352">
    <p class='ocr_par' dir='ltr' id='par_1_26' title="bbox 246 3269 1202 3352">
     <span class='ocr_line' id='line_1_34' title="bbox 246 3269 1202 3352; baseline 0.008 -26"><span class='ocrx_word' id='word_1_216' title='bbox 246 3269 401 3334; x_wconf 63' lang='lat' dir='ltr'><strong>Missust</strong></span> <span class='ocrx_word' id='word_1_217' title='bbox 421 3270 507 3328; x_wconf 81' lang='lat' dir='ltr'><strong>Duos</strong></span> <span class='ocrx_word' id='word_1_218' title='bbox 522 3269 554 3326; x_wconf 91' lang='lat' dir='ltr'><strong>in</strong></span> <span class='ocrx_word' id='word_1_219' title='bbox 567 3271 706 3328; x_wconf 84' lang='lat' dir='ltr'><strong>universa</strong></span> <span class='ocrx_word' id='word_1_220' title='bbox 719 3277 806 3344; x_wconf 84' lang='lat' dir='ltr'><strong>terra,</strong></span> <span class='ocrx_word' id='word_1_221' title='bbox 820 3281 855 3329; x_wconf 78' lang='lat' dir='ltr'><strong>at</strong></span> <span class='ocrx_word' id='word_1_222' title='bbox 867 3291 959 3349; x_wconf 76' lang='lat' dir='ltr'><strong>supra</strong></span> <span class='ocrx_word' id='word_1_223' title='bbox 972 3271 1044 3352; x_wconf 85' lang='lat' dir='ltr'><strong>(vol.</strong></span> <span class='ocrx_word' id='word_1_224' title='bbox 1057 3273 1079 3332; x_wconf 93' lang='lat' dir='ltr'><strong>i.</strong></span> <span class='ocrx_word' id='word_1_225' title='bbox 1091 3293 1123 3351; x_wconf 88' lang='lat' dir='ltr'><strong>p.</strong></span> <span class='ocrx_word' id='word_1_226' title='bbox 1139 3274 1202 3347; x_wconf 82' lang='lat' dir='ltr'><strong>al).</strong></span> 
     </span>
    </p>
   </div>
   <div class='ocr_carea' id='block_1_10' title="bbox 683 3435 761 3493">
    <p class='ocr_par' dir='ltr' id='par_1_27' title="bbox 683 3435 761 3493">
     <span class='ocr_line' id='line_1_35' title="bbox 683 3435 761 3493; baseline 0.013 -1"><span class='ocrx_word' id='word_1_227' title='bbox 683 3435 761 3493; x_wconf 87' lang='lat' dir='ltr'><strong>VII.</strong></span> 
     </span>
    </p>
   </div>
   <div class='ocr_carea' id='block_1_11' title="bbox 265 3566 961 3723">
    <p class='ocr_par' dir='ltr' id='par_1_28' title="bbox 265 3566 961 3723">
     <span class='ocr_line' id='line_1_36' title="bbox 474 3566 961 3640; baseline 0.008 -18"><span class='ocrx_word' id='word_1_228' title='bbox 474 3566 524 3623; x_wconf 83' lang='lat' dir='ltr'><strong>Dr.</strong></span> <span class='ocrx_word' id='word_1_229' title='bbox 544 3581 655 3624; x_wconf 75' lang='lat' dir='ltr'><strong>assero</strong></span> <span class='ocrx_word' id='word_1_230' title='bbox 675 3567 697 3623; x_wconf 86' lang='lat' dir='ltr'><strong>J</strong></span> <span class='ocrx_word' id='word_1_231' title='bbox 699 3583 784 3640; x_wconf 81' lang='lat' dir='ltr'>11er,</span> <span class='ocrx_word' id='word_1_232' title='bbox 806 3583 961 3626; x_wconf 76' lang='grc'><strong>1111111111.</strong></span> 
     </span>
     <span class='ocr_line' id='line_1_37' title="bbox 265 3646 414 3723; baseline 0.007 -19"><span class='ocrx_word' id='word_1_233' title='bbox 265 3646 414 3723; x_wconf 84' lang='lat' dir='ltr'><strong>Alleluya.</strong></span> 
     </span>
    </p>
   </div>
   <div class='ocr_carea' id='block_1_12' title="bbox 203 3744 1122 4305">
    <p class='ocr_par' dir='ltr' id='par_1_29' title="bbox 203 3744 1080 3902">
     <span class='ocr_line' id='line_1_38' title="bbox 204 3744 1080 3822; baseline 0.006 -20"><span class='ocrx_word' id='word_1_234' title='bbox 204 3745 328 3802; x_wconf 84' lang='lat' dir='ltr'><strong>Funonr</strong></span> <span class='ocrx_word' id='word_1_235' title='bbox 347 3759 416 3800; x_wconf 83' lang='lat' dir='ltr'><strong>mus</strong></span> <span class='ocrx_word' id='word_1_236' title='bbox 435 3759 575 3801; x_wconf 71' lang='lat' dir='ltr'><strong>socnam</strong></span> <span class='ocrx_word' id='word_1_237' title='bbox 587 3744 620 3800; x_wconf 90' lang='lat' dir='ltr'><strong>in</strong></span> <span class='ocrx_word' id='word_1_238' title='bbox 633 3763 691 3820; x_wconf 88' lang='lat' dir='ltr'><strong>qua</strong></span> <span class='ocrx_word' id='word_1_239' title='bbox 705 3744 817 3803; x_wconf 78' lang='lat' dir='ltr'><strong>Christi</strong></span> <span class='ocrx_word' id='word_1_240' title='bbox 828 3745 937 3822; x_wconf 82' lang='lat' dir='ltr'><strong>gaudet</strong></span> <span class='ocrx_word' id='word_1_241' title='bbox 949 3747 1080 3807; x_wconf 76' lang='lat' dir='ltr'><strong>Ecclesia</strong></span> 
     </span>
     <span class='ocr_line' id='line_1_39' title="bbox 203 3824 1012 3902; baseline 0.004 -19"><span class='ocrx_word' id='word_1_242' title='bbox 203 3826 263 3883; x_wconf 91' lang='lat' dir='ltr'><strong>Pro</strong></span> <span class='ocrx_word' id='word_1_243' title='bbox 275 3825 415 3900; x_wconf 88' lang='lat' dir='ltr'><strong>martyris</strong></span> <span class='ocrx_word' id='word_1_244' title='bbox 428 3831 537 3881; x_wconf 84' lang='lat' dir='ltr'><strong>aeterna</strong></span> <span class='ocrx_word' id='word_1_245' title='bbox 550 3825 644 3882; x_wconf 86' lang='lat' dir='ltr'><strong>sancti</strong></span> <span class='ocrx_word' id='word_1_246' title='bbox 657 3825 679 3882; x_wconf 83' lang='lat' dir='ltr'><strong>J</strong></span> <span class='ocrx_word' id='word_1_247' title='bbox 679 3824 740 3882; x_wconf 90' lang='lat' dir='ltr'><strong>usti</strong></span> <span class='ocrx_word' id='word_1_248' title='bbox 752 3826 850 3902; x_wconf 84' lang='lat' dir='ltr'><strong>palma</strong></span> <span class='ocrx_word' id='word_1_249' title='bbox 863 3833 894 3885; x_wconf 85' lang='lat' dir='ltr'><strong>et</strong></span> <span class='ocrx_word' id='word_1_250' title='bbox 906 3828 1012 3887; x_wconf 80' lang='lat' dir='ltr'><strong>lucida.</strong></span> 
     </span>
    </p>

    <p class='ocr_par' dir='ltr' id='par_1_30' title="bbox 203 3905 833 3982">
     <span class='ocr_line' id='line_1_40' title="bbox 203 3905 833 3982; baseline 0.002 -18"><span class='ocrx_word' id='word_1_251' title='bbox 203 3907 293 3965; x_wconf 83' lang='lat' dir='ltr'><strong>AEtas</strong></span> <span class='ocrx_word' id='word_1_252' title='bbox 305 3911 414 3977; x_wconf 86' lang='lat' dir='ltr'><strong>tenera,</strong></span> <span class='ocrx_word' id='word_1_253' title='bbox 428 3905 524 3962; x_wconf 86' lang='lat' dir='ltr'><strong>virtus</strong></span> <span class='ocrx_word' id='word_1_254' title='bbox 536 3905 569 3962; x_wconf 90' lang='lat' dir='ltr'><strong>in</strong></span> <span class='ocrx_word' id='word_1_255' title='bbox 582 3925 640 3982; x_wconf 90' lang='lat' dir='ltr'><strong>quo</strong></span> <span class='ocrx_word' id='word_1_256' title='bbox 653 3906 704 3962; x_wconf 85' lang='lat' dir='ltr'><strong>sed</strong></span> <span class='ocrx_word' id='word_1_257' title='bbox 716 3907 833 3965; x_wconf 82' lang='lat' dir='ltr'><strong>valida:</strong></span> 
     </span>
    </p>

    <p class='ocr_par' dir='ltr' id='par_1_31' title="bbox 204 3986 842 4062">
     <span class='ocr_line' id='line_1_41' title="bbox 204 3986 842 4062; baseline 0.003 -19"><span class='ocrx_word' id='word_1_258' title='bbox 204 3986 314 4044; x_wconf 89' lang='lat' dir='ltr'><strong>Mundi</strong></span> <span class='ocrx_word' id='word_1_259' title='bbox 326 4004 463 4062; x_wconf 88' lang='lat' dir='ltr'><strong>prospera</strong></span> <span class='ocrx_word' id='word_1_260' title='bbox 472 3986 580 4042; x_wconf 89' lang='lat' dir='ltr'><strong>temnit</strong></span> <span class='ocrx_word' id='word_1_261' title='bbox 593 4006 626 4042; x_wconf 88' lang='lat' dir='ltr'><strong>ac</strong></span> <span class='ocrx_word' id='word_1_262' title='bbox 643 3987 733 4043; x_wconf 85' lang='lat' dir='ltr'><strong>vincit</strong></span> <span class='ocrx_word' id='word_1_263' title='bbox 745 3986 842 4060; x_wconf 83' lang='lat' dir='ltr'><strong>fortia,</strong></span> 
     </span>
    </p>

    <p class='ocr_par' dir='ltr' id='par_1_32' title="bbox 203 4067 1122 4305">
     <span class='ocr_line' id='line_1_42' title="bbox 204 4067 1066 4144; baseline 0.006 -20"><span class='ocrx_word' id='word_1_264' title='bbox 204 4068 309 4125; x_wconf 85' lang='lat' dir='ltr'><strong>Gratia</strong></span> <span class='ocrx_word' id='word_1_265' title='bbox 321 4087 408 4143; x_wconf 91' lang='lat' dir='ltr'><strong>quem</strong></span> <span class='ocrx_word' id='word_1_266' title='bbox 422 4067 503 4123; x_wconf 91' lang='lat' dir='ltr'><strong>Deus</strong></span> <span class='ocrx_word' id='word_1_267' title='bbox 517 4068 592 4123; x_wconf 90' lang='lat' dir='ltr'><strong>mira</strong></span> <span class='ocrx_word' id='word_1_268' title='bbox 604 4067 674 4123; x_wconf 86' lang='lat' dir='ltr'><strong>facit</strong></span> <span class='ocrx_word' id='word_1_269' title='bbox 688 4068 721 4123; x_wconf 91' lang='lat' dir='ltr'><strong>in</strong></span> <span class='ocrx_word' id='word_1_270' title='bbox 732 4069 795 4143; x_wconf 89' lang='lat' dir='ltr'><strong>ipsa</strong></span> <span class='ocrx_word' id='word_1_271' title='bbox 808 4069 916 4144; x_wconf 88' lang='lat' dir='ltr'><strong>pollere</strong></span> <span class='ocrx_word' id='word_1_272' title='bbox 928 4070 1066 4144; x_wconf 61' lang='lat' dir='ltr'><strong>infautia²</strong></span> 
     </span>
     <span class='ocr_line' id='line_1_43' title="bbox 204 4147 1042 4227; baseline 0.006 -22"><span class='ocrx_word' id='word_1_273' title='bbox 204 4148 370 4224; x_wconf 85' lang='lat' dir='ltr'><strong>Prophetiae</strong></span> <span class='ocrx_word' id='word_1_274' title='bbox 383 4147 429 4204; x_wconf 91' lang='lat' dir='ltr'><strong>illi</strong></span> <span class='ocrx_word' id='word_1_275' title='bbox 442 4147 519 4203; x_wconf 93' lang='lat' dir='ltr'><strong>dona</strong></span> <span class='ocrx_word' id='word_1_276' title='bbox 531 4167 601 4203; x_wconf 86' lang='lat' dir='ltr'><strong>mox</strong></span> <span class='ocrx_word' id='word_1_277' title='bbox 615 4154 645 4203; x_wconf 90' lang='lat' dir='ltr'><strong>et</strong></span> <span class='ocrx_word' id='word_1_278' title='bbox 658 4149 694 4204; x_wconf 89' lang='lat' dir='ltr'><strong>ab</strong></span> <span class='ocrx_word' id='word_1_279' title='bbox 708 4149 772 4224; x_wconf 90' lang='lat' dir='ltr'><strong>ipsa</strong></span> <span class='ocrx_word' id='word_1_280' title='bbox 781 4150 893 4208; x_wconf 89' lang='lat' dir='ltr'><strong>donans</strong></span> <span class='ocrx_word' id='word_1_281' title='bbox 905 4151 1042 4227; x_wconf 79' lang='lat' dir='ltr'><strong>puerItia.</strong></span> 
     </span>
     <span class='ocr_line' id='line_1_44' title="bbox 203 4228 1122 4305; baseline 0.007 -19"><span class='ocrx_word' id='word_1_282' title='bbox 203 4228 288 4286; x_wconf 87' lang='lat' dir='ltr'><strong>Patri</strong></span> <span class='ocrx_word' id='word_1_283' title='bbox 301 4229 427 4304; x_wconf 89' lang='lat' dir='ltr'><strong>denique</strong></span> <span class='ocrx_word' id='word_1_284' title='bbox 440 4229 560 4304; x_wconf 80' lang='lat' dir='ltr'><strong>praescia</strong></span> <span class='ocrx_word' id='word_1_285' title='bbox 572 4228 608 4284; x_wconf 91' lang='lat' dir='ltr'><strong>de</strong></span> <span class='ocrx_word' id='word_1_286' title='bbox 621 4229 738 4305; x_wconf 85' lang='lat' dir='ltr'><strong>captivo</strong></span> <span class='ocrx_word' id='word_1_287' title='bbox 752 4231 855 4305; x_wconf 89' lang='lat' dir='ltr'><strong>pandit</strong></span> <span class='ocrx_word' id='word_1_288' title='bbox 867 4232 987 4291; x_wconf 88' lang='lat' dir='ltr'><strong>alumno</strong></span> <span class='ocrx_word' id='word_1_289' title='bbox 999 4234 1122 4292; x_wconf 86' lang='lat' dir='ltr'><strong>monita.</strong></span> 
     </span>
    </p>
   </div>
   <div class='ocr_carea' id='block_1_13' title="bbox 182 4354 1258 4424">
    <p class='ocr_par' dir='ltr' id='par_1_33' title="bbox 182 4354 1258 4424">
     <span class='ocr_line' id='line_1_45' title="bbox 182 4354 1258 4424; baseline 0.011 -24"><span class='ocrx_word' id='word_1_290' title='bbox 182 4355 195 4379; x_wconf 71' lang='lat'>⁸</span> <span class='ocrx_word' id='word_1_291' title='bbox 210 4354 443 4402; x_wconf 54' lang='lat' dir='ltr'><strong>ida—abscidendo.</strong></span> <span class='ocrx_word' id='word_1_292' title='bbox 569 4356 582 4415; x_wconf 81' lang='lat'>†</span> <span class='ocrx_word' id='word_1_293' title='bbox 597 4355 649 4402; x_wconf 74' lang='lat' dir='ltr'><strong>MS.</strong></span> <span class='ocrx_word' id='word_1_294' title='bbox 665 4356 741 4414; x_wconf 85' lang='lat' dir='ltr'><strong>giras,</strong></span> <span class='ocrx_word' id='word_1_295' title='bbox 751 4357 798 4404; x_wconf 88' lang='lat' dir='ltr'><strong>lino</strong></span> <span class='ocrx_word' id='word_1_296' title='bbox 809 4360 830 4415; x_wconf 83' lang='grc'><strong>6,</strong></span> <span class='ocrx_word' id='word_1_297' title='bbox 845 4363 859 4387; x_wconf 90' lang='grc'>“</span> <span class='ocrx_word' id='word_1_298' title='bbox 866 4360 952 4420; x_wconf 83' lang='lat' dir='ltr'><strong>planus</strong></span> <span class='ocrx_word' id='word_1_299' title='bbox 963 4362 1061 4410; x_wconf 75' lang='lat' dir='ltr'><strong>veritate</strong></span> <span class='ocrx_word' id='word_1_300' title='bbox 1070 4366 1143 4422; x_wconf 74' lang='lat' dir='ltr'><strong>atque</strong></span> <span class='ocrx_word' id='word_1_301' title='bbox 1152 4365 1258 4424; x_wconf 57' lang='lat' dir='ltr'><strong>gratia!</strong></span> 
     </span>
    </p>
   </div>
   <div class='ocr_carea' id='block_1_14' title="bbox 0 0 1460 4904">
    <p class='ocr_par' dir='ltr' id='par_1_34' title="bbox 0 0 1460 4904">
     <span class='ocr_line' id='line_1_46' title="bbox 0 0 1460 4904; baseline 0 0"><span class='ocrx_word' id='word_1_302' title='bbox 0 0 1460 4904; x_wconf 95' lang='lat' dir='ltr'><strong> </strong></span> 
     </span>
    </p>
   </div>
  </div>
 </body>
</html>
