2910 4904
185 296 226 366 74
641 306 738 371 Festa
758 305 920 392 Anqusti.

246 466 427 528 Communia.
472 471 608 544 Domine,
624 474 763 550 quinque.

245 560 508 621 Posteommnnio.*

245 642 320 699 Haec
333 662 387 700 nos
401 644 576 718 communio,
592 645 728 719 Domine,
744 653 850 724 purget
863 669 882 706 a
895 648 1026 722 crimine,
1038 655 1069 707 et
1081 650 1283 708 mtereedente
1296 649 1383 708 beato

183 720 333 798 Stephano
357 731 487 799 martyre
510 733 564 783 tuo
587 733 677 804 atque
700 728 847 805 pontifice,
863 729 986 788 caelestis
999 731 1123 788 remedii
1135 731 1226 790 faeiat
1240 749 1304 789 esse
1317 751 1383 791 eon-

185 808 285 860 sortes
328 803 387 862 Per
400 806 572 865 Dominum.

183 1069 223 1127 In
244 1070 438 1128 Iuvuunonu
459 1085 564 1129 snuorr
586 1070 751 1140 sinum,
774 1087 1034 1146 rnorounnrrars,
1056 1088 1275 1140 sooronuuoun
1302 1086 1382 1130 urus.

651 1178 704 1255 (iii.
721 1178 800 1236 Non.
817 1179 914 1256 Aug.)

245 1323 385 1400 Officium.
429 1326 549 1383 Etenim
558 1327 704 1397 sederunt,
720 1326 835 1400 require
847 1326 881 1383 in
891 1325 975 1385 Festo
990 1325 1117 1402 eq'neden
1130 1325 1226 1384 sancti
1239 1324 1384 1401 Stephani

183 1404 268 1480 infra
281 1406 420 1464 Natalem
433 1407 564 1465 Domini.

247 1487 358 1545 Oratio.

245 1567 333 1642 Deus,
350 1569 446 1644 quies
460 1574 628 1626 sanatorum
641 1572 762 1625 tuorum
776 1569 913 1644 splendor
926 1567 1089 1641 mirabilis,
1112 1569 1164 1645 qui
1178 1568 1323 1625 hodierna
1336 1567 1384 1625 die

184 1650 340 1707 beatorum
364 1650 515 1726 Stephani,
535 1650 701 1722 Nicodemi‚
716 1649 893 1718 Gamalielis‚
912 1656 1001 1724 atque
1015 1649 1165 1707 Abibonis
1178 1649 1385 1706 inventionem

182 1731 339 1805 gloriosam
360 1731 518 1803 revelastij
543 1732 581 1787 da
598 1731 691 1801 nobis,
718 1750 893 1807 quaesumus,
919 1731 951 1787 in
972 1735 1083 1788 aeterna
1103 1730 1210 1788 laetitia
1227 1729 1264 1786 de
1278 1748 1382 1787 eorum

184 1811 322 1869 societate
335 1812 469 1888 gaudere.
513 1811 571 1868 Per
585 1811 756 1868 Dominum.

244 1904 385 1979 Epistola.
429 1904 597 1980 Stephanus
609 1905 713 1980 plenus
726 1905 830 1981 gratia,
844 1914 879 1962 at
891 1903 976 1979 infra
989 1904 1183 1963 Nativitatem
1194 1903 1327 1962 Domini.

246 1983 321 2043 Curi
337 1983 470 2042 Gradati.
514 1985 668 2042 Sederunt.

245 2066 395 2142 Alleluya.
443 2066 472 2126 V.
495 2066 594 2122 Video
609 2067 693 2124 caelos
709 2072 834 2142 apertos.

243 2146 407 2222 Sequentia.
451 2147 580 2222 Magnus
594 2148 684 2218 Deus,
700 2156 724 2204 et
739 2157 837 2218 cetera,
853 2157 887 2204 nt
900 2147 935 2204 in
945 2147 1004 2205 atio
1017 2146 1109 2205 Festo.

244 2228 446 2303 Euanqeliam.
490 2228 565 2285 Eece
578 2248 631 2304 ego
645 2229 732 2285 mitto
746 2230 784 2286 ad
796 2249 856 2285 vos,

245 2309 440 2384 Offlrtoriwn.
482 2309 646 2385 Elegerunt
658 2310 793 2385 apostoli,
808 2330 903 2385 quare
916 2310 951 2366 in
965 2308 1074 2368 Oetaea
1087 2308 1182 2366 saneti
1194 2307 1348 2385 Stephani.

245 2402 388 2465 Secreta'r

245 2484 374 2541 Munera
401 2484 465 2556 tibi,
491 2484 629 2554 Domine,
657 2489 766 2540 nostrae
794 2483 959 2541 devotionis
987 2483 1146 2554 offerimus,
1175 2502 1241 2559 quae
1270 2489 1300 2540 et
1328 2502 1384 2559 pro

183 2571 304 2622 tuorum
318 2565 376 2622 tibi
388 2570 473 2640 grata
487 2565 548 2622 sint
558 2565 669 2622 honore
677 2571 854 2639 sanctorum,
864 2570 895 2622 et
908 2565 993 2622 nohis
1006 2563 1155 2636 salutaria,
1169 2570 1199 2620 te
1212 2564 1384 2637 miserante,

183 2647 354 2705 reddantur.
398 2647 457 2703 Per
470 2645 641 2703 Dominum.

245 2738 427 2797 Oommnnio.
471 2738 569 2796 Video
586 2737 677 2796 caelos.

244 2832 489 2889 Poetcomntanio.
567 2858 571 2865 ·

245 2912 438 2988 Sumpsimus,
451 2910 588 2983 Domine,
604 2917 772 2968 sanctorum
793 2918 914 2969 tuorum
928 2911 1081 2988 Stephani,
1095 2911 1262 2984 Nicodemi,
1277 2910 1386 2969 Gama-

183 2993 267 3063 lielis,
297 2998 386 3069 atque
415 2993 562 3049 Abibonis
590 2992 792 3049 inventionem
821 2993 1009 3065 celebrantes
1038 2998 1221 3050 sacramenta
1242 2992 1384 3065 coelestim

182 3080 298 3150 praesta,
314 3092 489 3149 quaesumus
504 3079 539 3130 ut
552 3074 631 3148 quod
651 3074 853 3150 temporaliter
873 3075 1002 3151 gerimus
1016 3073 1134 3130 oeternis
1151 3072 1269 3150 gaudiis
1283 3092 1384 3131 conse-

184 3175 317 3231 quamur.
362 3154 420 3212 Per
434 3154 605 3211 Dominum.

325 3417 377 3499 [In
399 3419 525 3477 Oornvn
545 3435 652 3476 snuorl
674 3418 781 3490 Purra,
797 3420 915 3494 qnando
930 3420 965 3476 de
978 3439 1008 3476 eo
1014 3422 1055 3494 fit
1068 3418 1226 3476 seruitium.

243 3586 293 3642 Aa
307 3584 440 3641 Misoant.
485 3581 626 3656 Officium,
642 3592 667 3640 et
691 3592 781 3641 uetera
791 3606 803 3653 ,·
825 3584 900 3641 sicat
918 3583 952 3640 in
972 3584 1019 3641 elie
1043 3603 1110 3641 cam
1134 3583 1232 3659 Kyrie
1254 3584 1382 3661 eleyson,

185 3666 286 3723 Gloria
300 3667 333 3722 in
343 3664 474 3736 excelsis
484 3663 619 3736 Sanetus,
629 3673 655 3722 et
665 3665 770 3740 Agnus
781 3685 790 3737 3
810 3665 887 3723 sient
899 3663 984 3740 infra
999 3664 1120 3723 Oetaeas
1129 3665 1306 3741 precipuae,
1318 3686 1385 3725 enm

183 3747 347 3823 Sequentia,
363 3747 431 3803 Hae
445 3745 477 3800 in
491 3745 547 3816 die,
564 3755 590 3802 et
604 3746 665 3802 eine
684 3746 785 3802 Credo

184 3922 207 3980 O
242 3839 401 3978 (DomipIicSa
414 3836 499 3998 {assa
513 3838 631 3895 dieatnr
644 3838 679 3894 de
693 3857 722 3895 eo
737 3858 803 3895 enm
818 3835 924 3911 Officio,
940 3847 974 3895 nt
992 3859 1084 3914 supra
1102 3859 1168 3896 cnm
1182 3839 1343 3915 Sequentia
1358 3848 1385 3899 et

209 3942 240 3979 re
262 3942 330 3979 0.-
391 3964 396 3976 .
446 3963 451 3974 .

243 4099 255 4123 ³*
272 4098 324 4143 MS.
336 4096 534 4147 D.-Sumentes‚
544 4094 654 4152 Domino,
663 4095 745 4139 divina
754 4095 875 4154 mysteria,
883 4109 1027 4153 quaesumus,
1035 4098 1062 4140 ut
1069 4095 1132 4140 boati
1141 4093 1258 4152 Stephani
1267 4095 1382 4200 martpie

183 4157 220 4200 tui
244 4160 315 4226 atque
341 4155 464 4213 pontificis
488 4154 658 4199 intercessione
684 4159 778 4199 eterna
803 4155 873 4199 nobis
896 4155 1018 4214 praebeant
1042 4155 1189 4200 incrementa
1204 4153 1305 4201 latitia.
1356 4168 1382 4201 er

185 4218 323 4334 DomlnlllS:
340 4272 551 4318 D.-Suon'fieium
560 4272 613 4328 tibi,
624 4271 957 4323 Domino,fideliumt110rum
966 4273 1031 4318 votis
1045 4272 1152 4318 oblatum
1167 4286 1268 4318 serenus
1276 4273 1381 4331 intende,

182 4338 210 4378 ut
221 4334 283 4389 quod
294 4333 387 4377 delecto
403 4332 505 4390 martyri
519 4336 561 4377 tuo
580 4332 708 4390 Stephano,
719 4333 856 4386 Nioodomo,
869 4333 1002 4388 Gamelioli,
1013 4336 1086 4391 atquo
1097 4332 1205 4378 Abiboni
1218 4332 1335 4379 hodierna
1343 4334 1380 4378 in-

183 4393 313 4495 3331<ng
315 4406 408 4494 ‘eorum
434 4391 536 4437 contulit
560 4391 646 4449 gloria,
666 4391 736 4437 nobis
760 4392 790 4436 ad
814 4392 1001 4452 redemptionom
1026 4391 1104 4451 prosit
1128 4396 1152 4437 et
1177 4391 1288 4450 gratiam
1334 4392 1381 4439 Por
