2910 4904
565 294 668 383 ‘'Festu
689 293 883 358 Decembris

190 459 338 516 Memorio
352 459 386 516 de
400 459 543 530 Adventu,
560 469 585 516 et
599 461 633 518 ‹le
648 461 785 518 Domino.

190 538 369 597 Conontunio.
413 541 530 597 Diffusa
543 547 594 600 est.

188 621 450 679 l’ostcormuuuiofi

188 701 320 773 Sati-asti,
335 702 472 773 Domine,
489 703 632 759 familiam
653 709 736 759 tunm
757 704 929 760 muneribus
949 704 1058 761 sacris:
1079 706 1143 780 ejus
1162 724 1329 781 quaesumus

127 800 243 857 semper
270 783 489 840 interventione
517 803 570 840 nos
601 783 708 855 refove,
738 785 821 860 eujus
848 785 1001 842 sollemnia
1028 785 1215 845 celebramus.
1272 786 1330 844 Per

128 862 300 919 Dominum.

188 944 228 999 M
225 944 339 1000 emerico
352 953 385 1000 ut
400 965 498 1020 supnn.

257 1205 296 1262 Iu
317 1205 448 1262 ann
469 1222 573 1262 sauori
595 1205 725 1278 Tnourn,
747 1222 897 1264 Arosroni.
942 1206 1017 1285 (xiii.
1036 1207 1103 1265 Kal.
1120 1209 1142 1266 J
1144 1209 1204 1286 an.)

99 1386 101 1388 ·
189 1357 328 1432 Officium.
372 1359 436 1436 Ego
450 1366 557 1417 autem.

190 1439 300 1498 Oratio.
343 1441 476 1497 Concede
490 1441 583 1510 nobis,
599 1460 775 1516 quaesumus,

188 1519 329 1595 Epistola.
373 1521 484 1578 Beatus
506 1521 553 1577 vir
575 1523 627 1596 qui
649 1522 788 1578 inventus
813 1529 857 1578 est
882 1523 944 1579 sine
966 1523 1089 1594 macula,
1113 1524 1147 1579 iu
1172 1524 1329 1584 Communi

123 1601 221 1658 notius
233 1602 273 1657 M
270 1603 387 1677 arturis.
573 1604 576 1609 ’

191 1682 325 1742 Grudule.
353 1702 356 1707 ·
368 1683 390 1740 J
391 1690 475 1739 ustus
490 1689 525 1740 ut
538 1683 644 1758 palma.

189 1763 339 1839 Alleluya,
355 1764 381 1821 si
394 1764 662 1837 Donnnicusuuit.
712 1764 740 1822 Γ.
763 1764 784 1820 J
786 1770 870 1821 ustus
884 1784 944 1820 non
958 1766 1192 1824 conturbabitur.

190 1845 389 1919 Jt'uunpeliuna
433 1846 508 1902 Haec
522 1846 629 1902 mando
643 1845 734 1902 vobis

191 1925 383 1998 Offertorlurn.
427 1926 530 1982 Gloria
544 1933 574 1983 et
587 1926 706 1982 honore.

189 2005 370 2064 Communio.
415 2007 528 2083 Magna
542 2015 585 2064 est
599 2008 699 2083 gloria.

187 2087 223 2146 Si
242 2089 349 2161 Viqittu
363 2088 421 2144 istu
440 2087 475 2144 in
495 2088 594 2162 utiquo
615 2088 662 2144 elie
683 2087 828 2158 Quattuor
843 2088 1017 2164 Tontporunu
1030 2090 1187 2165 continqut,
1203 2090 1330 2165 qualiter

124 2180 152 2226 et
166 2171 200 2226 cle
214 2170 319 2243 quibus
333 2169 433 2226 Misere
453 2178 523 2226 sunit
542 2169 722 2238 celebrandae,
738 2169 801 2227 uide
822 2190 914 2245 supro
928 2179 996 2228 unte
1008 2169 1168 2229 Sabbatum
1184 2171 1330 2242 Quattuor

128 2251 303 2326 Temperiem
316 2250 350 2308 in
363 2251 507 2308 Adventu.

518 2493 557 2549 IN
578 2510 639 2550 Dm.
662 2503 666 2512 “
686 2491 748 2568 (xii.
766 2492 835 2550 Kal.
853 2492 936 2570 Jan.)

190 2642 329 2716 Qffiu'una
373 2641 452 2698 Mihi
466 2648 575 2698 autem.

190 2723 297 2780 Oratio.

188 2804 234 2860 Da
255 2803 349 2875 nobis,
365 2823 540 2879 quaesumus,
556 2805 694 2874 Domine,
717 2803 797 2860 beati
810 2803 936 2879 apostoli
949 2804 996 2860 tui
1017 2804 1136 2862 Thomae
1150 2805 1329 2863 sollemnita-

129 2884 206 2942 tibus
219 2885 348 2961 gloriari,
362 2892 397 2941 ut
410 2886 473 2959 ejus
487 2905 601 2960 semper
615 2891 645 2941 et
658 2885 830 2960 patrociniis
844 2885 1040 2958 sublevemur,
1054 2891 1084 2943 et
1097 2886 1186 2944 fidem
1199 2907 1329 2967 congrua

130 2965 281 3023 devotione
296 2972 447 3023 sectemur.
491 2966 550 3023 Per
564 2965 735 3022 Dominum.

186 3047 335 3104 Memorio
348 3047 382 3105 de
396 3047 540 3117 Adventu,
556 3047 629 3104 etde
643 3047 781 3104 Douu‘nu

186 3128 301 3203 Epistol
320 3172 326 3184 .
369 3128 391 3185 J
393 3148 440 3183 am
454 3148 515 3184 non
530 3128 600 3184 estis
614 3128 752 3203 hospites.

188 3209 321 3265 Grudul.
366 3208 542 3266 Constitues.

185 3290 333 3365 Alleluya.
384 3289 412 3349 V.
437 3289 476 3346 In
490 3309 607 3346 omnem
621 3296 740 3347 terram.

185 3371 347 3445 Sequentia.
391 3370 477 3427 Clare
491 3377 668 3441 sauctorum,
684 3380 718 3427 ut
731 3371 765 3426 iu
781 3369 946 3428 Cone-muni.

187 3451 353 3509 ›S'eoundunt
367 3451 533 3508 Jotauueu
548 3452 610 3526 (nu.
629 3452 745 3528 24-29).

184 3532 220 3589 ln
245 3533 297 3588 illo
321 3538 463 3608 tempore,
490 3533 618 3590 Thomas
646 3540 746 3589 alitem
773 3553 863 3606 usque
891 3534 932 3589 ud
959 3532 1011 3607 qui
1038 3553 1099 3589 non
1122 3533 1272 3606 viderunt,
1294 3540 1325 3592 et

133 3614 318 3670 crediderunt.

184 3695 284 3752 Credo

185 3775 375 3849 Offertoriurn.
418 3777 588 3832 In‘omnem
602 3782 719 3833 terram.

186 3857 305 3915 Secreto.

183 3938 334 4009 Debitum,
352 3939 488 4003 Domine,
504 3945 612 3994 nostrae
630 3937 779 3994 reddimus
794 3937 955 4010 servitutis
971 3938 1144 4014 suppliciter
1157 3945 1322 4012 exorantes,

132 4025 161 4073 ut
173 4021 316 4095 suffragiis
332 4019 413 4076 beati
427 4019 546 4076 Thomae
565 4019 690 4094 apostoli
703 4019 750 4075 tui
764 4020 796 4075 in
810 4019 895 4074 nobis
909 4024 962 4092 tua
976 4039 1100 4077 munera
1113 4021 1224 4076 tuearis
1238 4021 1322 4095 cujus

132 4096 291 4158 honorando
305 4101 525 4172 confessionem,
540 4100 636 4157 laudis
650 4100 707 4156 tibi
721 4100 832 4156 hostias
845 4100 1039 4157 immolamus.
1074 4100 1133 4158 Per
1147 4101 1318 4159 Dominum.

182 4259 193 4283 ⁸
208 4257 259 4302 MS.
272 4256 515 4302 D.—Postrommuuio.
548 4256 642 4300 Sanctio
657 4254 741 4300 Luoiae
755 4256 861 4311 virginis
876 4260 899 4300 et
914 4254 1027 4313 martyris
1042 4260 1090 4301 tuae
1105 4270 1157 4312 nos,
1173 4270 1320 4313 quaesumus,

133 4312 230 4374 Domino,
247 4317 353 4374 precatio
374 4316 417 4361 tibi
435 4320 503 4373 grata
522 4316 644 4361 conciliet:
669 4319 697 4359 ut
717 4315 768 4360 Inoo
786 4318 869 4359 sancta
886 4329 939 4373 qum
963 4315 1110 4372 sumpsimus
1131 4315 1244 4360 salutaria
1264 4330 1318 4360 son-

131 4372 211 4420 tiarnus.
241 4376 294 4422 Per.

183 4435 241 4480 This
250 4449 333 4494 agrees
343 4435 402 4480 with
413 4434 453 4480 the
464 4434 557 4479 Sarum.
