2910 4904
397 302 446 369 Iu
458 302 583 370 Natat
600 302 837 389 pluteorum
851 302 1055 388 Martyrum.
1259 303 1322 372 147

191 468 382 542 Offertottum.

190 548 405 607 Gloriabuntur
427 550 460 606 in
479 555 510 608 te
530 569 630 608 omnes
652 550 705 627 qui
729 550 857 626 diligunt
880 569 988 608 nomen
1008 556 1104 622 tuum,
1124 549 1265 626 quoniam
1286 553 1322 608 tu

127 629 281 688 benedices
290 632 382 706 justo,
398 631 525 711 Domine
538 651 545 689 :
565 637 601 688 ut
614 637 698 690 scuto
711 631 795 689 bonae
809 631 973 689 voluntatis
986 636 1046 688 tuae
1060 630 1206 688 coronasti
1219 650 1281 690 noe.

191 709 381 784 Offcrtouuum.

189 790 391 849 Exsultabunt
410 792 504 849 sancti
517 791 549 847 in
562 791 663 868 glotia,
678 790 859 850 laetabuntur
877 793 910 850 in
929 792 1075 851 cubilibus
1094 792 1171 851 suis:
1192 791 1321 850 exausta·

128 870 224 929 tiones
238 872 297 929 Dei
309 873 342 929 in
354 872 486 930 faucibus
500 892 608 930 eorum.

188 951 232 1009 Iu
246 961 366 1028 tempore
379 953 524 1026 Puccltolt',
540 953 687 1029 Alleluya

188 1032 308 1092 Secreto.

189 1112 318 1171 Munera
341 1113 405 1185 tibi,
430 1113 567 1186 Domine,
591 1119 699 1172 nostrae
725 1112 891 1172 devotionis
917 1113 1083 1187 offerimus;
1116 1134 1182 1191 quae
1208 1119 1239 1171 et
1265 1133 1319 1191 pro

127 1198 248 1251 tucrum
265 1194 322 1251 tibi
341 1200 426 1270 grata
441 1195 502 1251 sint
515 1194 624 1252 honore
633 1196 784 1271 justorum
797 1200 828 1252 et
840 1194 925 1253 nobis
945 1195 1093 1265 salutauit,
1109 1202 1139 1252 te
1153 1194 1320 1270 miserante,

127 1273 298 1332 neddantur.
341 1274 399 1332 Per
412 1275 582 1334 Dominum.

190 1353 372 1414 Cotumuato.

189 1435 357 1494 Multitudo
379 1435 584 1512 languentium
611 1441 642 1493 et
665 1436 718 1511 qui
739 1436 925 1494 vexabantur
945 1457 964 1493 a
984 1435 1138 1511 spiritibus
1159 1435 1321 1494 immundis

126 1515 289 1574 veniebant
302 1517 340 1574 ad
353 1536 438 1574 eum:
459 1517 529 1592 quia
542 1517 640 1575 virtus
653 1517 689 1574 de
701 1516 753 1574 illo
767 1516 869 1575 exibat
882 1522 913 1575 et
925 1517 1049 1575 sanabat
1062 1535 1170 1578 omnes.

190 1596 369 1657 Communia

188 1677 211 1736 J
212 1684 346 1736 ustorum
359 1677 465 1735 animae
477 1677 509 1735 in
524 1697 614 1736 manu
627 1677 686 1735 Dei
699 1683 770 1735 sunt
783 1698 790 1735 :
811 1683 842 1736 et
854 1697 916 1735 non
929 1683 1032 1755 tanget
1051 1677 1118 1735 illos
1137 1682 1320 1736 tormentum

126 1756 269 1816 malitiae:
292 1759 433 1816 visisunt
446 1758 537 1819 oculis
551 1757 756 1834 insipientium
769 1759 862 1818 mori:
882 1759 929 1816 illi
942 1764 1042 1816 autem
1055 1764 1126 1817 sunt
1139 1758 1172 1816 in
1185 1777 1263 1835 pace.

187 1837 230 1897 Iu
243 1848 364 1914 tempore
376 1839 523 1910 Puccltuli‚
537 1839 686 1915 Alleluya,
700 1838 835 1916 alleluya.

189 1917 368 1979 Commutato.

189 2000 357 2059 Potuerunt
383 2001 520 2058 mortalia
546 2019 697 2058 servorum
724 2005 853 2072 tuorum,
881 1999 1018 2072 Domine,
1044 2019 1123 2058 escas
1149 1998 1321 2057 volatilibus

123 2080 208 2138 caeli:
229 2101 330 2145 carnes
343 2088 510 2139 sanctorum
522 2087 642 2139 tuorum
663 2081 765 2138 bestiis
785 2087 889 2140 terrae:
909 2081 1070 2140 secundum
1085 2079 1320 2158 magnitudinem

125 2161 241 2220 brachii
255 2163 300 2218 tui
314 2163 428 2238 posside
441 2163 516 2219 filios
529 2168 625 2219 morte
637 2161 817 2236 punitorum

186 2240 229 2300 In
243 2251 364 2318 tempore
377 2243 523 2315 Puccltult',
538 2242 687 2318 Alleluya.

190 2321 372 2382 Oommuat'u.

187 2404 298 2475 Amen,
318 2404 383 2461 dico
396 2403 489 2475 vobis,
505 2403 585 2480 quod
605 2402 659 2460 uni
676 2421 715 2459 ex
730 2401 862 2459 minimis
882 2402 956 2459 meis
973 2400 1091 2473 fecistis,
1106 2399 1181 2458 mihi
1193 2399 1323 2460 fecistis:

125 2485 237 2556 venite,
253 2484 400 2542 benedicti
419 2484 520 2542 Patris
539 2483 614 2542 mei:
635 2483 780 2559 possidete
799 2487 934 2560 paratum
948 2482 1032 2541 vobis
1045 2501 1169 2559 regnum
1181 2482 1219 2539 ab
1232 2481 1322 2539 initio

125 2565 234 2624 eoeculi.

189 2643 372 2704 Communia

186 2725 228 2784 Et
251 2725 277 2783 si
300 2745 398 2784 coram
420 2725 590 2782 hominibus
604 2730 752 2783 tormenta
774 2724 853 2800 passi
875 2729 963 2781 sunt:
991 2724 1074 2780 Deus
1096 2721 1227 2781 tentavit
1251 2741 1321 2780 eos:

124 2812 271 2884 tanquam
294 2827 401 2864 aurum
423 2807 457 2863 in
479 2807 596 2864 fornace
619 2806 757 2882 probavit
778 2825 847 2863 cos:
867 2810 898 2862 et
922 2804 1006 2880 quasi
1019 2803 1188 2862 holocausta
1211 2802 1322 2878 accepit

124 2887 201 2946 illos

189 2966 372 3028 Oenunuuto.

186 3049 302 3106 Anima
315 3054 416 3106 nostra
428 3048 505 3107 sicut
518 3066 617 3125 passer
630 3052 730 3124 erepta
743 3053 788 3105 est
801 3047 837 3104 de
851 3047 956 3123 laqueo
968 3045 1150 3105 venantium

189 3128 372 3189 Oommuat'o.

187 3209 253 3287 Ego
266 3230 331 3268 sum
345 3210 417 3268 vitis
438 3229 509 3268 vera
531 3215 561 3267 et
582 3228 636 3267 uos
654 3209 798 3286 palmites,
815 3208 867 3284 qui
880 3213 981 3266 manet
999 3207 1033 3264 in
1051 3225 1100 3264 me
1113 3213 1144 3264 et
1156 3224 1210 3282 ego
1223 3205 1256 3262 in
1269 3221 1323 3266 eo:

125 3291 176 3349 hic
188 3290 248 3349 fert
260 3292 391 3349 fructum
404 3291 540 3363 multum,
555 3290 691 3368 alleluya,
705 3291 840 3366 alleluya.

189 3370 372 3431 emunctio.

189 3453 365 3529 Quicunque
377 3452 480 3510 fecerit
492 3451 676 3510 voluntatem
690 3451 789 3508 Putris
804 3451 864 3508 mei
876 3449 930 3526 qui
941 3449 975 3506 in
988 3448 1066 3506 caelis
1079 3454 1141 3506 est:
1162 3447 1225 3523 ipse
1237 3465 1321 3504 meus

128 3533 220 3592 stater
232 3540 264 3591 et
276 3552 358 3591 soror
371 3539 402 3591 et
414 3539 509 3591 mater
522 3538 575 3606 est,
589 3533 662 3593 dicit
675 3532 831 3592 Dominus.

189 3613 373 3673 Omumuutu.

188 3695 265 3753 Dico
279 3700 380 3752 autem
393 3694 478 3752 vobis
490 3694 591 3753 amicis
610 3694 701 3753 meis:
721 3714 759 3751 nc
777 3691 949 3753 terreamini
968 3684 1006 3748 ab
1026 3689 1073 3748 his
1093 3689 1145 3767 qni
1157 3709 1210 3749 voa
1229 3709 1323 3766 perse-

127 3782 270 3852 quuntur.

190 3855 373 3916 Communia

189 3937 278 4007 Quod
298 3936 364 3994 dico
384 3936 469 3994 vobis
489 3935 522 3992 in
542 3936 682 4009 tenebris,
704 3936 793 3993 dicite
814 3935 847 3992 in
868 3934 989 4007 lumine,
1011 3932 1084 3992 dicit
1106 3932 1271 3992 Dominus:
1291 3938 1323 3991 et

127 4019 207 4093 quod
220 4020 252 4074 in
265 4036 338 4074 aure
351 4017 470 4091 auditis,
491 4017 647 4094 praedicate
659 4037 747 4094 super
760 4021 845 4074 tecta

190 4097 373 4158 Oommwuio.

189 4178 325 4236 Gaudete
333 4179 411 4254 justi
423 4178 456 4236 in
469 4178 607 4252 Domino,
621 4177 766 4256 alleluya:
785 4182 880 4235 rectos
893 4176 977 4234 decet
989 4174 1172 4246 collaudatio,
1185 4173 1321 4253 alleluya.
1417 4208 1420 4215 ·

188 4258 407 4418 gfflfflwdui
420 4340 452 4397 in
465 4359 513 4397 me
526 4340 645 4398 credent
657 4340 719 4398 haec
732 4345 909 4418 sequentur:
926 4335 1070 4398 daemonia
1083 4336 1220 4416 ejicIent3
1236 4357 1324 4415 super

131 4438 220 4498 agros
233 4439 341 4480 manus
354 4421 514 4501 imponent,
530 4426 559 4480 et
572 4421 648 4480 bene
660 4421 818 4481 habebunt.
