2910 4904
395 292 582 382 &quentiae
606 292 813 360 Omwmuuce.

409 461 530 519 Fortem
538 459 683 536 'expediat

448 542 508 600 Pro
522 542 607 598 nobis
621 541 773 614 nuntium,

449 622 576 680 Naturae
590 621 681 679 faeiat

357 738 360 744 ·
449 703 497 762 Ut
511 703 718 779 praejudioium

489 785 528 841 In
542 790 631 861 partu
645 783 779 861 virginis.

407 864 559 924 Naturam
573 870 693 941 superet

442 947 548 1017 *Natus
563 945 630 1002 Rex
644 945 745 1021 gloriae
753 965 763 1018 3

423 1075 424 1078 η
448 1027 566 1103 Regnat
579 1032 610 1084 ct
623 1027 757 1103 imperet,

448 1108 490 1165 Et
503 1127 587 1182 zyma
600 1109 701 1165 scoriae

489 1187 588 1245 Tollat
602 1189 638 1246 de
652 1187 756 1266 medio.

408 1269 652 1346 Superbientium

343 1376 346 1383 ’
448 1350 539 1407 Terat
552 1350 679 1426 fastigia,

450 1430 535 1488 Oolla
548 1430 721 1488 sublimium

450 1511 551 1569 Calcet
565 1513 596 1568 vi
609 1513 730 1588 propria

464 1637 466 1644 .
490 1592 601 1650 Potens
615 1593 648 1648 in
661 1590 772 1669 praelio.

408 1672 504 1733 Foras
518 1673 617 1749 ejiciat

450 1753 641 1811 Mundanum
662 1753 837 1831 principem,

452 1836 616 1911 Secumque
629 1835 721 1893 faeiat

451 1916 582 1974 Matrem
596 1917 773 1993 participem

491 1997 591 2055 Patris
605 1997 731 2075 imperii.

409 2078 471 2138 Exi
484 2079 536 2154 qui
549 2079 688 2151 mitteris,

450 2159 526 2217 Haec
540 2160 616 2216 dona
633 2159 762 2232 dissere3

450 2240 564 2298 Revela
577 2241 686 2298 veteris

449 2321 597 2378 Velamen
609 2321 703 2379 literae

489 2402 615 2459 Virtute
628 2402 737 2460 nuntii.

410 2483 536 2555 Accede,
552 2484 667 2553 nuntia,

452 2565 519 2636 Dio,
532 2566 610 2635 Ave,
626 2563 759 2622 cominus
771 2583 780 2637 3

452 2646 520 2718 Dic,
535 2644 629 2702 Plena
642 2646 739 2721 gratia
751 2665 760 2717 3

451 2726 518 2798 Dic,
534 2726 643 2783 Tecum
658 2726 823 2798 Dominus3

493 2807 534 2864 Et
548 2807 603 2878 dic,
620 2807 651 2864 N
653 2826 669 2864 e
683 2807 796 2865 timeas.

411 2887 508 2964 Virgo
522 2888 663 2964 suscipias

451 2969 512 3028 Dei
526 2969 702 3046 depositum,

452 3050 492 3107 In
506 3069 564 3125 quo
578 3050 713 3126 perficias

453 3130 542 3189 Casta
555 3132 748 3207 propositum,

493 3211 534 3268 Et
547 3218 651 3269 votum
665 3218 773 3271 teneas.

411 3291 511 3351 Audit
524 3300 554 3350 et
568 3293 690 3370 suscipit

451 3372 557 3431 Puella
566 3375 716 3447 nuntium,

453 3454 555 3512 Credit
569 3462 599 3512 et
613 3455 742 3532 concipit

451 3535 493 3593 Et
507 3536 586 3611 parit
600 3536 722 3607 Filium,

493 3617 552 3674 Sed
564 3616 768 3675 admirabilem

412 3696 622 3756 consiliarium

452 3778 590 3836 Humani
604 3778 732 3855 generis,

452 3859 494 3917 Et
508 3860 607 3917 Deum
620 3860 752 3932 fortium,

452 3940 495 3998 Et
508 3946 624 4016 patrem
637 3942 773 4018 posteris,

493 4021 533 4078 In
546 4041 616 4097 pace
630 4022 774 4081 stabilem.

414 4101 475 4172 Qui
488 4103 575 4160 nobis
590 4103 705 4161 tribuat

453 4181 574 4240 Peccati
588 4184 726 4259 veniam3

453 4263 569 4321 Beatus
583 4264 687 4339 diluat,

454 4344 497 4402 Et
510 4344 600 4403 donet
613 4346 741 4422 patliam

494 4425 536 4484 In
549 4446 614 4486 arco
627 4426 765 4488 siderum.
