2910 4904
654 287 778 354 Prosoe.
943 355 945 360 ,
1249 291 1313 356 293

124 453 250 511 Paulum
265 473 366 528 aspera
380 453 460 511 inter
472 454 570 512 vincla
583 453 666 530 signa
678 455 856 513 comitantur
869 455 1006 530 maxima,
1017 456 1108 514 donec
1118 455 1199 514 urbis
1212 456 1315 514 Roma

204 534 280 591 celsa
292 535 428 592 visitaret
441 535 575 592 culmina

124 615 232 673 Petrus
245 616 344 672 omnia
359 615 447 672 verbo
460 622 545 672 sanat
558 615 682 687 infirma,
697 622 838 692 prestans
851 617 933 675 caecis
942 617 1064 688 lumina,
1074 617 1218 675 suscitans
1231 616 1314 675 cada

204 715 283 768 vera,
297 696 370 752 dans
384 705 414 753 et
428 697 512 752 bonis
526 703 631 754 cuncta
644 698 757 754 cunctis
771 698 854 756 bona

124 777 246 834 Adsunt
258 777 375 853 gemina
388 777 419 833 in
434 777 530 833 Roma
550 776 731 849 candelabra,
745 798 870 854 quorum
883 779 983 836 lucent
995 778 1108 836 lumina
1121 779 1200 836 inter
1211 776 1316 836 mundi

204 857 323 914 climata
337 857 406 914 solis
419 858 456 914 ab
471 865 576 914 exortu
591 864 622 914 et
636 877 745 916 occasu.

125 939 200 996 Haec
213 938 292 994 inter
306 945 391 994 tanta
404 939 514 995 famina
526 938 589 995 caeli
603 939 800 1016 conscendunt
813 939 919 1016 gaudia
932 939 986 996 hac
999 939 1046 997 die
1060 945 1168 998 sancta.

125 1019 183 1076 Per
203 1038 329 1094 quorum
349 1039 402 1076 nos
422 1019 566 1096 suffragia,
581 1019 698 1077 Christe
717 1019 854 1093 salvator,
875 1020 984 1096 adjuva
1004 1027 1093 1097 atque
1112 1039 1252 1079 conserva
1264 1039 1317 1096 per

203 1101 293 1158 saecla.

643 1230 800 1288 XXVIII.

150 1352 200 1408 Da
220 1351 419 1408 Pammrmns
440 1367 533 1410 naum
554 1369 736 1411 rornsrmus
757 1352 858 1410 Pareo
879 1369 983 1411 sunno
1003 1369 1042 1412 ac
1062 1353 1169 1412 Panno
1189 1368 1285 1412 carso.

185 1467 333 1541 Alleluya.

127 1565 262 1621 Saserna
284 1564 411 1634 Parrus,
433 1563 568 1621 Macros
589 1563 722 1633 Pactus,

126 1645 269 1701 Doctores
283 1645 361 1700 orbis
374 1651 463 1720 atque
476 1644 614 1720 praeclara
626 1645 730 1701 mundi
743 1644 863 1718 lumina,

126 1725 254 1801 Superni
268 1725 344 1800 regis
358 1724 503 1800 praesules,
518 1731 671 1781 narrantes
684 1725 747 1782 caeli
760 1725 895 1801 gloriam:

126 1807 235 1862 Petrus
249 1805 463 1880 Hierosolymis
476 1825 581 1881 magno
594 1806 693 1862 favore
713 1806 815 1882 populi
828 1825 946 1864 corusca
962 1825 1065 1883 gerens
1078 1803 1236 1863 miracula:

125 1887 169 1942 Et
183 1886 294 1942 Paulus
307 1887 337 1941 in
354 1886 468 1942 Graecia
480 1885 719 1961 philosophorum
733 1893 851 1962 pectora
863 1886 1007 1944 miranter
1019 1887 1091 1944 facit
1105 1884 1263 1964 stupentia.

127 1967 268 2042 Confligit
282 1967 365 2024 docte
380 1967 486 2023 Petrus
500 1987 566 2023 cum
580 1967 699 2024 Simone
711 1986 795 2043 mago
810 1973 952 2044 potenter,
964 1987 1051 2044 quem
1064 1968 1186 2024 retrusit
1196 1971 1316 2024 tartara.

129 2048 252 2104 Resistit
265 2054 365 2104 sancto
383 2047 477 2104 Paulo
491 2067 592 2122 magus
606 2047 725 2122 Elymas
738 2055 916 2125 arroganter,
931 2048 990 2105 (luo
1003 2048 1102 2105 amisit
1115 2047 1236 2104 lumina.

128 2128 208 2185 Olim
217 2129 281 2203 jam
296 2129 416 2185 Petrum
433 2128 568 2185 Christus
578 2129 765 2204 navigantem
775 2148 827 2204 per
840 2128 933 2186 undas
947 2129 983 2186 de
995 2130 1067 2186 navi
1080 2127 1198 2185 vocavit
1210 2126 1316 2198 dIcens,

207 2208 375 2285 Principem
393 2209 529 2266 Ecclesiae
543 2215 573 2266 tc
592 2228 712 2285 ponam,
736 2209 840 2266 faciam
855 2210 1029 2285 piscatorem
1046 2209 1214 2280 hominum;
1238 2207 1320 2283 sequi

208 2308 297 2346 cures.

128 2372 169 2426 Et
179 2369 307 2426 Paulum
320 2370 382 2446 ipse
397 2369 531 2427 Christus
541 2370 772 2427 inflammantem
786 2369 808 2426 J
809 2370 923 2427 udaeam
937 2369 973 2426 de
986 2369 1056 2426 caelo
1065 2368 1202 2426 clamavit
1210 2368 1317 2437 dicens,

208 2449 350 2508 Gentium
364 2451 535 2527 magistrum
549 2457 579 2507 te
589 2470 695 2527 ponam
701 2470 711 2522 ;
728 2450 833 2508 faciam
847 2451 966 2508 doctum
979 2469 1032 2507 vas
1049 2455 1080 2507 te
1098 2449 1171 2506 mihi
1185 2449 1319 2506 doctrina

207 2550 285 2590 sana.

128 2612 212 2668 Celsa
232 2613 368 2668 caelorum
382 2612 500 2687 agmina
513 2611 682 2687 angelorum
695 2610 835 2668 laetantur
846 2611 946 2669 videre
960 2610 1111 2669 Christum
1125 2609 1235 2667 Filium
1249 2608 1316 2680 Dei,

183 2715 186 2722 ¹
208 2692 315 2749 Petrus
329 2692 413 2748 illum
427 2694 459 2748 in
477 2694 562 2749 terris
576 2694 721 2749 confessus
734 2699 779 2750 est
792 2712 863 2750 voce
875 2692 1027 2768 praecipua

130 2773 201 2829 Caeli
214 2780 325 2829 secreta
341 2773 505 2848 penetravit
519 2780 549 2830 et
563 2772 692 2845 Paulus,
710 2773 843 2850 gentium
857 2773 943 2830 datus
961 2773 1063 2830 doctor
1078 2771 1225 2848 sapienter
1236 2789 1319 2828 mun-

208 2853 280 2909 dum
294 2854 424 2923 irradiat,
438 2854 475 2911 ad
489 2854 582 2910 vitam
595 2860 766 2929 perpetuam
780 2852 908 2911 caelitus*
921 2853 1038 2911 invitat.

130 2933 236 2990 Petrus
256 2935 294 2990 ab
315 2935 433 2991 Herode
447 2941 557 3009 captus,
574 2935 678 2992 vlnclis
691 2953 785 2992 nexus
804 2936 837 2991 in
850 2934 989 3004 custodia,
1004 2934 1041 2991 ab
1054 2932 1156 3010 angelo
1169 2931 1318 3003 liberatus,

208 3015 316 3091 gaudet
336 3015 465 3071 Ecclesia
485 3035 598 3092 magna.

129 3095 240 3151 Paulus
254 3096 291 3152 ab
304 3095 326 3153 J
328 3096 417 3152 udaeis
430 3102 540 3167 tentus,
555 3095 705 3153 convictus
718 3094 862 3152 Caesarem
875 3095 1014 3172 appellat,
1027 3093 1110 3151 miris
1123 3093 1216 3170 signis
1228 3111 1320 3168 usquc

209 3177 334 3233 Romam
348 3176 440 3252 fulget
453 3177 528 3233 mari
541 3182 629 3252 atque
642 3183 729 3233 terra.

129 3256 235 3313 Petrus
256 3258 381 3333 denique
395 3277 479 3314 aures
492 3257 596 3332 pandit
613 3257 755 3326 obtrusas,
770 3256 882 3313 animas
895 3255 1040 3333 purificat,
1057 3272 1234 3331 corporaque
1246 3253 1321 3311 inte

208 3344 283 3414 grat,
298 3339 380 3394 caecis
393 3338 493 3394 lumen
506 3342 634 3413 praestat,
648 3337 735 3394 corda
748 3343 841 3394 sanat.

129 3418 239 3475 Paulus
259 3418 384 3494 denique
405 3438 499 3474 mores
518 3417 623 3494 pandit
642 3417 785 3488 honestos,
797 3416 946 3491 justitiam
965 3415 1113 3492 praedicat,
1134 3413 1319 3492 prudentiam

209 3498 332 3570 dedicat,
348 3498 524 3556 fortissimus
538 3499 631 3554 instat
643 3497 834 3574 praedicando.

128 3577 238 3635 Valido
252 3579 364 3654 pollent
376 3579 494 3649 famine,
509 3579 611 3636 caelum
625 3584 779 3634 assumunt
791 3577 871 3634 rabie
884 3576 1067 3634 Neroniana:

128 3659 233 3796 {tegpa
246 3667 353 3735 petunt
366 3660 483 3718 celestia
497 3681 503 3717 :
519 3660 603 3716 nobis
617 3665 774 3735 precentur
786 3658 904 3715 veniam
917 3677 1069 3734 precamur
1082 3675 1190 3716 omncs.

152 3740 178 3798 ic
210 3747 252 3798 at.

660 3861 787 3920 XXIX.

462 3983 523 4060 (Du
544 3998 667 4041 sancr1s
688 3983 791 4042 Purno
811 4000 849 4041 nr
869 3981 1001 4062 Panno.)

391 4098 485 4155 Proca
498 4099 539 4155 ad
550 4097 707 4172 Sequentia
727 4099 766 4156 In
780 4117 898 4156 omnem
909 4103 1029 4156 terram.

389 4193 536 4270 Alleluya.

323 4292 433 4350 Lunna
452 4309 592 4351 roccum
612 4307 719 4390 nanos,
824 4312 872 4352 ara
885 4290 957 4370 (voi
973 4290 1005 4350 ii.
1020 4310 1048 4369 p
1063 4287 1125 4370 69).

613 4426 624 4459 ¹
684 4450 708 4475 ι·
