2910 4904
616 291 715 356 Festo
728 288 848 355 Juait.

497 458 588 516 Pater
600 463 723 534 praestat
736 457 816 528 alios,

497 539 564 597 Hos
577 555 670 596 novos
684 545 714 595 et
729 538 826 595 varios

537 620 650 676 Probat
667 620 754 690 color,
771 619 931 695 quantitas.

496 700 631 758 Gloriosa
644 700 727 757 miles
742 699 855 757 Christi

497 781 583 839 Plebi
597 782 664 857 pius
677 781 749 838 assis
762 780 821 853 isti,
1015 854 1017 857 ι

538 862 669 919 Chorum
682 881 764 918 sume
777 859 968 938 supplicem*

497 943 555 1001 Fer
568 944 698 1000 solamen
710 943 821 999 mundo
834 942 916 1000 tristi

497 1024 539 1081 Et
552 1043 640 1099 quem
653 1024 710 1081 tibi
723 1023 879 1099 placavisti

537 1105 632 1162 Nobis
645 1105 728 1181 placa
744 1105 883 1181 judicem

191 1200 397 1276 Evonqelium.
440 1200 528 1257 Misit
541 1201 638 1261 Jesus

193 1282 389 1357 Offlrtorium.
432 1281 562 1341 Veritas.

193 1362 378 1422 Communia
423 1361 532 1421 Fidelis
546 1382 657 1422 servus.

234 1518 366 1594 Quaaro
386 1540 440 1582 uua
460 1541 495 1582 ns
515 1525 649 1583 Ocravrs
670 1541 776 1582 saucrr
797 1523 972 1582 Wmnunm.
1017 1524 1070 1602 (in
1088 1525 1134 1583 Id
1149 1525 1237 1605 Jun.)

193 1642 337 1718 Officium.
381 1643 551 1701 Sacerdotes
565 1643 632 1702 Dei.

190 1724 335 1800 Epistola.
377 1724 452 1783 Eece
466 1724 598 1782 sacerdos
612 1743 736 1802 magnus
749 1723 802 1799 qui
815 1723 849 1780 in
862 1723 933 1781 vita

194 1805 330 1864 Gradale.
374 1806 544 1864 Sacerdotes
558 1807 629 1881 ejus,

190 1886 343 1963 Alleluya.
392 1887 422 1945 V.
445 1887 594 1964 Disposui.

191 1967 358 2043 Sequentia.
768 2027 774 2040 ‚
853 2027 859 2038 ,

492 2029 583 2101 Veto,
598 2048 679 2100 voce,
694 2027 801 2100 cord1s‚
816 2046 877 2084 oris

493 2110 596 2186 Hujus
610 2110 687 2167 sacri
701 2109 873 2166 confessoris

534 2192 684 2248 Canamus
698 2190 844 2266 praeconia
856 2209 866 2261 3

494 2273 587 2348 Cujus
601 2273 665 2328 vita
679 2272 750 2328 vitae
765 2270 884 2327 mundae

492 2353 604 2411 Forma
617 2352 704 2409 nobis
718 2357 749 2409 et
761 2351 906 2409 faecundae

534 2435 647 2491 Laudis
661 2440 706 2490 est
720 2433 848 2490 materia
860 2452 868 2504 ;

494 2516 556 2585 Qui
569 2515 595 2571 si
608 2514 727 2571 nullum
741 2513 947 2590 persequentis

495 2596 620 2653 Ferrum
634 2596 734 2666 sensit,
750 2601 851 2651 tamen
865 2595 975 2653 mentis

535 2676 666 2734 Pertulit
680 2676 866 2750 martyrium.

496 2758 528 2815 Si
543 2777 603 2814 non
616 2757 733 2814 hostem
747 2757 948 2829 manifestum,

496 2839 657 2895 Manifesta
671 2838 740 2914 plus
753 2837 897 2894 infestum

536 2919 623 2976 Vicit
636 2919 847 2976 adversarium.

495 3001 586 3057 Freta
599 3000 705 3056 mundi
718 3000 760 3058 sic
774 3000 962 3072 transcurrit,

496 3081 583 3151 Quod
597 3080 755 3138 mundanae
773 3100 834 3137 non
847 3080 976 3138 incurrit

537 3162 646 3218 Gloriae
661 3161 824 3237 naufragia.

495 3243 671 3300 Refrenavit
686 3243 782 3300 carnis
796 3243 909 3315 visus,†

496 3323 648 3381 Macerare
662 3343 780 3381 carnem
794 3326 878 3380 nisus

536 3405 630 3462 Cruce
644 3405 815 3462 multifaria.

495 3486 534 3542 In
548 3486 604 3543 hac
617 3487 695 3543 fixus
709 3487 818 3543 mansit
831 3506 926 3558 cruce,

494 3567 598 3625 Donec
611 3567 741 3642 migrans
754 3569 792 3624 ab
805 3567 860 3624 hac
873 3569 939 3625 luce

534 3648 623 3705 Lucis
637 3648 752 3705 scandit
765 3650 902 3724 patriam.

493 3729 583 3786 Miles
598 3728 718 3800 Christi,
736 3729 890 3787 Christum
904 3749 984 3807 roga,

494 3809 542 3867 Ut
556 3816 663 3867 exutos
676 3810 773 3867 carnis
787 3819 856 3886 toga

534 3891 598 3948 Nos
613 3892 702 3948 ducat
716 3890 753 3947 ad
766 3892 900 3968 gloriam.

190 3989 391 4064 Evcuqelium.
434 3989 498 4046 Vos
512 3989 582 4046 estis
596 3989 639 4045 sal
653 3996 739 4046 terrae
753 4010 843 4065 usque
857 3992 899 4048 ud
911 3990 944 4048 in
958 4011 1049 4069 regno
1063 3994 1208 4053 caelorum.

191 4071 386 4144 Offertore‘um.
429 4071 538 4127 Inveni
552 4069 660 4128 David.

191 4150 372 4212 Commutato.
417 4151 512 4209 Semel
522 4151 632 4227 juravi.

190 4267 203 4293 '
219 4267 260 4312 Ita
269 4266 343 4312 MSS.
356 4266 375 4311 C
386 4266 432 4310 and
444 4267 472 4314 D.
505 4264 736 4323 Edd-simplicem.

189 4327 203 4386 †
225 4327 306 4371 There
324 4326 348 4370 is
368 4339 383 4370 a
402 4329 471 4384 great
486 4326 606 4371 variation
620 4325 646 4369 in
665 4325 724 4369 Edd.
741 4325 850 4372 between
866 4327 974 4373 “visus’'
988 4330 1036 4373 and
1051 4329 1162 4387 “nisus'‘
1177 4330 1203 4374 in
1218 4330 1268 4376 this
1282 4331 1330 4378 and

123 4387 169 4434 the
180 4389 238 4431 next
248 4385 304 4430 line.
337 4382 420 4429 I'have
431 4385 503 4442 given
513 4386 553 4429 the
563 4384 664 4441 reading
674 4384 699 4429 oi
708 4385 748 4430 the
758 4386 825 4431 three
836 4385 909 4433 MSS.
920 4387 946 4433 in
956 4388 996 4434 the
1006 4387 1061 4435 first
1070 4388 1125 4447 line,
1141 4391 1168 4435 in
1183 4391 1224 4436 the
1239 4391 1328 4437 second

125 4447 172 4492 the
182 4444 306 4492 corrected
314 4443 415 4502 reading
426 4443 450 4490 of
460 4443 512 4488 MS.
525 4444 552 4489 F.
