2910 4904
144 271 208 340 206
531 267 719 356 Sequentia
743 269 954 337 Communes.

203 433 246 496 Ia
268 437 365 496 natali
399 434 602 514 plurimarum
627 436 778 512 cirpiaum
805 445 831 495 et
854 437 948 495 anias
970 445 1120 497 mamonae.
1182 429 1347 518 Septem.

142 514 254 582 Mundi
267 519 364 592 aetate,
377 528 412 576 ut
425 538 517 594 capra
529 518 648 593 infecto
656 517 860 593 plurimorum
874 517 1075 592 confessorwn.

203 622 244 682 Ia
274 624 541 683 commoratione
571 623 659 682 beata
692 623 802 680 Marica
830 643 888 700 per
920 623 1079 684 adventante
1113 623 1257 687 dieantur
1288 628 1350 689 ida

145 701 306 782 Sequentia
319 706 511 765 alternatim:

492 785 603 844 Missus
618 784 738 842 Gabriel
754 785 790 842 de
807 784 896 859 caelis,

532 864 629 924 Verbi
641 865 758 941 bajulus
771 866 875 939 fidelis,

533 945 629 1004 Sacris
640 945 760 1004 disserit
772 946 897 1023 loquelis

573 1027 650 1085 (lum
665 1027 752 1084 beata
765 1027 892 1103 Virgine
900 1046 910 1100 3

491 1108 627 1166 Verbum
640 1109 753 1165 bonum
766 1115 797 1165 et
810 1127 899 1166 suave

531 1189 644 1248 Pandit
657 1189 738 1246 intus
751 1189 785 1244 in
798 1189 944 1264 conclave,

531 1269 573 1328 Et
586 1289 625 1328 ex
639 1269 705 1327 Eva
717 1269 827 1327 format
839 1288 904 1343 ave,

572 1350 644 1408 Evae
657 1369 742 1407 verso
756 1350 883 1409 nomine.

491 1431 713 1508 Consequenter
728 1430 820 1507 juxta
832 1436 953 1508 pactum

529 1512 626 1570 Adest
637 1511 774 1569 Verbum
788 1531 854 1570 caro
868 1511 1001 1586 factum3

528 1592 651 1670 Semper
661 1598 759 1651 tamen
768 1598 814 1650 θεὴ
827 1593 975 1651 intactum

570 1673 706 1731 Puellare
719 1674 872 1750 gremium.

489 1753 610 1812 Patrem
619 1755 736 1831 pariens
749 1754 874 1831 ignorat,

528 1835 577 1907 Et,
593 1855 682 1911 quam
694 1836 782 1893 homo
797 1855 857 1893 non
870 1835 1003 1907 deflorat,

529 1916 601 1974 Non
614 1923 779 1992 torquetur,
795 1935 849 1974 nec
862 1915 986 1990 laborat,

569 1998 695 2066 Quando
705 1998 786 2074 parit
800 1996 919 2056 Filium.

488 2076 613 2154 Signum
623 2078 707 2135 audis
722 2077 866 2136 novitatis
877 2097 886 2150 ς

528 2158 622 2217 (irede
636 2158 740 2231 solum,
757 2164 787 2216 θὴ
800 2165 846 2216 θεὴ
860 2158 953 2233 satis3

528 2239 560 2297 Ν
562 2260 599 2299 on
614 2245 660 2297 est
673 2245 733 2297 tuae
747 2239 899 2298 facultatis

569 2321 689 2379 Solvere
703 2320 865 2396 corrigiam.

487 2400 607 2459 Grande
621 2402 736 2478 signum
750 2407 781 2459 et
794 2401 909 2478 insigne

432 2501 434 2508 ’
528 2483 584 2540 Εεὴ
593 2483 626 2539 in
639 2483 714 2540 rubo
729 2492 759 2540 et
775 2482 809 2539 in
822 2483 890 2565 igne
898 2501 909 2556 ;

527 2563 576 2621 Ne
590 2564 742 2640 appropiet
756 2563 876 2639 indigne

569 2644 723 2702 Calceatus
744 2644 898 2721 quispiam.

487 2726 583 2802 Virga
592 2727 668 2783 sicca
681 2726 744 2782 sine
757 2744 831 2797 rore,

527 2805 616 2864 Novo
630 2806 701 2878 ritu,
716 2824 793 2863 novo
807 2824 896 2879 more,

528 2887 672 2945 Fructum
686 2886 813 2963 protulit
826 2905 893 2943 cum
906 2885 993 2962 flore3

568 2967 616 3025 Sic
631 2974 662 3026 et
675 2968 759 3043 virgo
771 2966 891 3044 peperit

487 3049 665 3107 Benedictus
678 3048 746 3105 talis
758 3048 879 3120 fluctus,

527 3129 656 3187 Fructus
669 3130 779 3206 gaudii,
792 3148 853 3186 non
866 3129 983 3202 luctus3

527 3210 599 3267 Non
612 3211 669 3267 erit
683 3210 784 3267 Adam
797 3209 937 3268 seductus

567 3291 600 3349 Si
614 3292 649 3349 de
663 3291 718 3348 hoc
734 3290 907 3367 gustaverit.

486 3371 509 3430 J
509 3392 576 3430 esus
589 3378 698 3441 noster,
712 3371 734 3430 J
735 3391 801 3429 esus
814 3372 919 3445 bonus,

527 3453 589 3511 Piae
599 3453 704 3510 matris
717 3455 801 3528 pium
815 3470 897 3526 onus,

527 3533 620 3608 Cujus
633 3539 678 3592 est
691 3535 723 3590 in
738 3533 807 3591 caelo
817 3532 951 3607 thronus,

567 3614 709 3672 Nascitur
722 3614 754 3670 in
769 3613 904 3672 stabulo:

487 3695 547 3766 Qui
561 3696 602 3753 sic
615 3703 661 3754 est
674 3715 727 3771 pro
741 3695 827 3752 nobis
839 3700 937 3769 natus,

526 3776 654 3835 Nostros
668 3776 765 3834 deleat
777 3781 887 3849 reatus,

527 3857 605 3928 Quia
618 3865 719 3914 noster
732 3856 877 3914 incolatus

567 3938 629 3997 Hic
641 3943 687 3996 est
699 3937 732 3994 in
745 3937 883 4014 periculo.

198 4020 269 4080 Alia
282 4016 444 4098 Sequentia.

489 4100 590 4158 Mittit
604 4099 641 4157 ad
656 4098 803 4175 virginem
904 4171 906 4175 ,

528 4182 601 4240 Non
614 4181 748 4256 quemvis
760 4178 907 4256 angelum,

528 4263 586 4321 Sed
599 4261 806 4318 fortitudinem

526 4344 628 4416 Suam,
643 4342 860 4418 archangelum,

568 4426 697 4483 Amator
709 4423 845 4483 hominis.
