2910 4904
197 318 259 382 lto
438 316 629 383 Benedictio
647 316 757 403 panis
769 316 813 381 in
828 315 944 382 antas
957 314 1159 382 Dominicis.

193 484 354 561 qradatina
373 484 476 543 <tande
496 486 642 543 dentermn
657 492 773 559 partem
788 481 880 542 Ultori
892 503 911 541 a
925 483 1051 555 Decano,
1060 491 1163 559 postea
1179 478 1341 555 annnam,
1355 482 1396 540 in

195 565 303 639 cipiens
323 585 344 622 a
363 565 568 625 Thesanrario.
613 565 719 623 Postea
739 564 891 623 Diaconas
909 573 1044 641 asperqat
1058 563 1207 640 populum
1227 564 1271 622 ad
1294 563 1395 622 osticam

198 645 405 706 Ultori—MS.
421 647 459 706 D.
524 653 527 659 '
1393 700 1396 705 .

258 727 447 785 Edd—Post
462 644 669 803 ]aspersionem
695 746 779 802 aqna
860 722 1396 801 Men-FtnaaAmtptomSaoer-

203 806 513 878 Versnssacerdotatis.
816 808 868 864 dos
895 807 974 865 dicon
996 806 1032 864 in
1056 805 1151 866 Olsoro
1172 826 1267 884 prope
1294 806 1396 865 ostiam

817 887 988 946 occidentale
1007 886 1204 948 Versicnlmn:

258 969 388 1028 Ostende
401 969 494 1043 nobis,
510 969 649 1043 Domine,
662 968 892 1026 misericordiam
909 974 1001 1027 tuam.
1044 968 1086 1026 Et
1105 968 1235 1027 salutare
1255 972 1345 1027 tuum
1363 967 1398 1025 ds

196 1050 290 1110 nobis.

257 1131 370 1190 Deinde
398 1131 508 1190 dicitnr
533 1131 635 1190 Oratio
656 1131 718 1189 sine
738 1129 886 1188 Dominus
909 1131 1061 1188 vobiscum
1071 1149 1081 1204 3
1111 1130 1161 1189 sed
1187 1137 1308 1188 tractam
1334 1149 1397 1187 cass

198 1212 331 1272 Oremus.

260 1293 369 1352 Oratio.

257 1373 377 1431 Exaudi
386 1394 448 1445 nos,
459 1373 595 1445 Domine,
606 1379 705 1430 sancte
716 1373 816 1444 Pater,
826 1372 1012 1449 omnipotens
1022 1378 1132 1430 aeterne
1140 1372 1396 1444 Densetmittsis

196 1454 319 1530 dignare
339 1460 473 1512 sanctum
495 1455 632 1531 angelum
645 1460 731 1511 tuum
746 1453 782 1510 de
796 1453 883 1526 caelis,
897 1453 950 1528 qui
963 1452 1119 1524 custodiet,
1132 1452 1241 1523 foveat,
1255 1458 1395 1529 protegat,

196 1536 309 1607 visitet,
324 1543 355 1593 et
368 1536 507 1594 defendat
527 1555 628 1593 omnes
648 1535 817 1592 habitantes
830 1534 864 1591 in
877 1534 932 1592 hoc
947 1533 1123 1592 habitaculo.
1166 1533 1227 1592 Per
1248 1534 1396 1592 Chiistum

198 1615 363 1675 Dominum
376 1624 518 1675 nostrum.
561 1617 670 1675 Amen.
975 1634 977 1638 ’

259 1694 342 1776 [Post
355 1698 415 1755 lsaec
428 1700 525 1771 efferat
535 1697 687 1755 Diaconns
696 1697 731 1753 de
739 1695 875 1754 vestibulo
886 1694 1001 1771 Capuan
1014 1695 1170 1753 sericmnet
1178 1694 1290 1753 induat
1304 1695 1397 1755 Sacer·

197 1777 299 1851 dotem,
311 1779 467 1853 statimque
475 1787 637 1854 prcecentor
649 1776 694 1835 oet
705 1786 851 1835 succentor
863 1776 989 1852 incipiat
1002 1775 1204 1852 antiphonam,
1219 1776 1333 1835 Missus
1346 1781 1395 1847 est,

198 1858 290 1934 et'Jiat
298 1861 451 1935 processio,
465 1868 499 1916 at
512 1858 546 1916 in
561 1857 701 1917 Ordinati
716 1857 994 1916 continetur-MS.
1010 1854 1063 1938 D.]

259 1939 282 1996 I
279 1962 301 1997 n
315 1950 438 2016 tempore
451 1939 591 1998 Pasclsaii
598 1960 655 2016 pro
669 1939 832 2016 aspersione
846 1958 930 2014 aqam
944 1936 1101 1996 benedictae.

261 2019 286 2078 O
315 2021 400 2078 ciam

225 2089 228 2096 ⁴
261 2024 336 2158 Vjiiii
360 2122 467 2178 aquam
491 2101 690 2179 egredientem
714 2100 751 2158 de
775 2100 886 2177 templo
908 2120 927 2158 a
949 2100 1043 2157 latere
1066 2099 1183 2172 dextro,
1202 2098 1353 2174 alleluys3
1369 2103 1397 2157 ot

198 2202 299 2243 omnes
319 2183 356 2239 ad
377 2202 450 2259 quos
470 2182 608 2259 pervenit
628 2201 704 2259 aqna
723 2182 790 2254 ista,
809 2180 885 2239 salvi
904 2181 977 2238 facti
996 2186 1068 2239 sunt
1087 2186 1119 2238 et
1134 2180 1250 2253 dieunt,
1263 2178 1395 2257 alleluya,

199 2263 334 2340 alleluya.

260 2344 406 2402 Psalmns.

261 2425 451 2484 Confitemini
472 2425 603 2482 Domino
622 2425 762 2500 quoniam
782 2423 894 2482 bonus:
916 2423 1056 2501 quoniam
1075 2422 1109 2479 in
1128 2422 1273 2481 sseoulum
1292 2420 1397 2481 miseri·

200 2508 300 2567 cordia
312 2507 383 2582 ejus.

207 2591 235 2649 V.
263 2588 394 2647 Ostende
407 2586 501 2660 nobis,
516 2586 653 2644 Domine.

262 2668 371 2727 Oratio.

260 2750 379 2807 Exaudi
401 2768 464 2821 nos,
489 2748 626 2820 Domine,
653 2752 752 2805 sancte
776 2747 875 2819 Pater,
902 2745 1087 2822 omnipotens
1113 2751 1227 2805 aterne
1255 2744 1347 2817 Deus,
1372 2752 1397 2803 ct

201 2841 291 2890 cetera
305 2840 339 2887 at
352 2851 451 2905 snpra.
1311 2856 1314 2861 ’

260 3043 450 3100 Bssnmomo
471 3057 650 3114 ounnssms,
671 3059 736 3100 sun
757 3041 871 3101 Oanos
890 3059 928 3100 m
948 3042 1181 3103 consonamus
1201 3042 1345 3117 moeris,

221 3167 292 3224 Post
305 3165 431 3223 Missam
444 3164 556 3223 dicetur
569 3165 702 3224 omnibns
715 3165 808 3223 Fastis
822 3166 996 3243 Damiicibns
1003 3186 1060 3243 per
1072 3188 1196 3241 annam,
1211 3168 1265 3229 hoo
1277 3170 1360 3231 modo
1368 3191 1378 3229 :

443 3285 639 3362 Adjutorium
652 3293 787 3345 nostrum
801 3287 833 3343 in
846 3287 967 3347 nomine
979 3288 1120 3348 Domini:

445 3367 587 3437 Qui-fecit
600 3367 704 3424 caelum
717 3375 748 3425 ot
760 3373 877 3428 terram.

444 3449 491 3506 Sit
505 3468 611 3506 nomen
624 3449 749 3506 Domini
761 3449 948 3507 benedictum
960 3470 967 3507 ε

444 3530 492 3587 Ex
505 3529 560 3586 hoe
574 3549 653 3587 nunc
667 3537 697 3587 et
710 3551 803 3607 usqne
816 3531 849 3588 in
862 3531 1009 3589 saeculum.

262 3610 435 3668 Benedictio.

261 3691 424 3748 Benedicat
437 3710 488 3748 vos
506 3691 608 3748 divina
628 3692 766 3767 majestas
786 3698 817 3749 et
837 3712 897 3749 una
911 3693 1023 3766 Deitas,
1040 3693 1138 3763 Pater,
1153 3700 1185 3752 et
1198 3694 1305 3771 Filius,
1318 3694 1359 3777 ᾧ
1370 3702 1397 3755 et

204 3771 335 3849 Spiritus
347 3771 480 3829 Sanctus.

371 3934 561 3991 Bmumono
583 3950 670 3991 sams
692 3951 726 3991 1u
745 3951 857 3993 niseus
877 3935 1055 4005 Dommms,
1076 3936 1128 3995 Isos
1140 3937 1243 3997 modo.-

265 4034 444 4093 Benedicite.

264 4116 412 4175 Dominus
424 4114 584 4172 vobiscum.

264 4194 442 4277 Beneffldic,
458 4195 594 4266 Domine,
605 4194 693 4252 istam
708 4201 875 4254 creaturum
888 4197 982 4273 panis,
992 4197 1069 4256 siout
1082 4198 1266 4259 benedixisti
1275 4201 1401 4281 quinquo

203 4297 293 4355 panes
313 4280 347 4336 in
367 4278 502 4350 desem05
523 4282 560 4334 ut
579 4295 678 4334 omnes
692 4296 731 4334 ex
744 4296 778 4334 eo
791 4284 944 4354 gustantes
963 4285 1026 4336 tam
1045 4278 1174 4357 conponis
1187 4300 1282 4359 quam
1300 4282 1400 4343 enimn

202 4360 347 4438 1ecipiant
374 4359 539 4420 sanitatem.
582 4357 621 4416 In
647 4359 767 4416 nomine
795 4358 893 4418 Patris
919 4366 951 4418 et
977 4360 1049 4418 Filii
1075 4367 1106 4419 et
1134 4359 1269 4439 Spiritus
1295 4363 1399 4427 &nod

202 4442 310 4501 Amen.
465 4459 467 4463 ’
