2910 4904
136 311 198 374 130
570 303 666 370 Festo
687 303 890 369 Novembris.

193 470 453 531 Psinomounis*
1083 540 1085 545 y

193 553 330 630 Corporis
357 552 431 611 sacri
458 556 489 609 et
514 550 637 627 pretiosi
663 551 814 626 sanguinis
844 550 950 627 repleti
976 550 1125 624 libamine,
1154 570 1327 628 quaesumus,

134 635 261 692 Domine
275 634 357 691 Deus
369 638 477 704 noster,
493 638 529 689 ut
542 632 620 708 quod
637 632 688 708 pia
704 632 858 690 devotione
878 632 1015 708 gerimus,
1029 638 1110 690 certa
1130 632 1329 709 redemptione

134 716 289 793 capiamus.
332 713 391 771 Per
404 713 574 770 Dominum.

191 807 263 865 Atta
276 806 516 865 Postcommunio.

193 889 343 965 Supplices
365 892 395 945 te
417 906 561 964 rogamus,
583 885 768 962 omnipotens
789 886 879 959 Deus,
898 891 933 942 ut
950 887 1203 946 intercedentibus
1225 887 1347 946 sanctis¹

132 969 200 1040 tuis,
215 977 246 1028 et
258 975 311 1027 tua
324 969 357 1025 in
370 968 455 1026 nobis
469 968 545 1025 dona
558 967 736 1044 multiplices
750 972 780 1024 et
793 973 925 1043 tempora
938 973 1039 1025 nostra
1052 968 1199 1045 disponas.
1245 968 1309 1028 Per.

318 1202 430 1259 Surorr
451 1200 657 1270 Cnsrsosonu,
681 1217 844 1260 unsrrsrs.
889 1202 961 1276 (viii.
977 1203 1047 1262 Kal.
1064 1203 1149 1281 Dec.)

194 1332 333 1406 Officium.
377 1331 549 1389 Laetabitur.

194 1412 302 1471 Oratio.

191 1494 306 1551 Adesto
320 1492 582 1569 supplicationibus
595 1492 712 1564 nostris,
727 1498 762 1549 ut
776 1493 828 1569 qui
842 1513 879 1551 ex
897 1494 1054 1570 iniquitate
1071 1501 1175 1555 nostra
1193 1516 1261 1569 neos
1279 1519 1334 1559 nos

131 1593 192 1632 csse
204 1575 412 1652 cognoscimus,
427 1573 508 1631 beati
522 1572 705 1650 Chrysogoni
719 1575 858 1649 martyris
872 1576 919 1632 tui
933 1577 1140 1635 intercessione
1160 1577 1331 1640 liberemur.

133 1655 198 1713 Per.

190 1736 329 1811 Epistola.
373 1734 482 1792 Beatus
495 1735 550 1805 vir,
566 1734 618 1810 qui
631 1734 771 1792 inventus
786 1743 837 1793 est.

193 1816 326 1874 Crudele.
369 1816 391 1873 J
393 1821 476 1872 ustus
490 1835 550 1871 non
563 1815 794 1874 conturbabitur.

191 1897 339 1972 Alleluya.
387 1896 417 1955 V.
439 1894 461 1952 J
462 1901 546 1951 ustus
559 1901 594 1952 ut
607 1895 711 1971 palma.

190 1976 391 2050 Evangelium.
435 1976 504 2032 Nisi
517 1995 641 2052 granum
654 1976 803 2034 frumenti.

133 2125 134 2128 Ἰ
192 2057 384 2131 offertorium.
428 2051 530 2114 Gloria
543 2057 703 2115 ethonore.

191 2137 333 2203 Secreto.†

191 2218 315 2290 Oblatis,
344 2237 519 2294 quaesumus,
550 2219 686 2290 Domine,
714 2219 828 2295 placare
860 2221 1038 2293 muneribus,
1066 2227 1098 2278 et
1127 2221 1332 2282 intercedente

131 2302 217 2357 beato
239 2299 427 2376 Chrysogono
451 2305 580 2375 martyre
601 2306 663 2373 tuo,
686 2320 704 2356 s
728 2301 840 2358 cunctis
863 2320 917 2359 nos
940 2301 1061 2360 defende
1082 2302 1230 2378 periculis
1272 2304 1333 2363 Per

131 2380 294 2439 Dominum
308 2386 449 2437 nostrum.

192 2461 372 2520 commocio.
416 2460 554 2519 Posuisti.

190 2542 432 2600 Postcommuoiu

191 2623 256 2696 Tui,
272 2623 408 2694 Domine,
422 2623 606 2699 perceptione
621 2623 795 2680 sacramenti
813 2630 844 2680 ct
857 2642 875 2680 a
888 2623 996 2682 nostris
1009 2624 1188 2684 mundemur
1207 2626 1328 2687 occultis

129 2709 160 2760 et
172 2706 210 2762 ab
223 2705 352 2762 hostium
365 2704 525 2760 liberemur
539 2703 661 2760 insidiis.
704 2703 763 2760 Per
776 2703 947 2764 Dominum.

318 2930 445 2987 Snucrn
466 2930 674 3000 Knrnnnrun,
696 2947 839 2989 vrucnus.
884 2931 946 3009 (vii.
964 2932 1033 2989 Kal.
1050 2932 1136 3011 Dec.)

191 3059 331 3134 Officium.
374 3059 530 3134 Loquebar
544 3059 580 3116 dc
593 3065 631 3116 te.

191 3140 300 3198 Oratio.

190 3221 279 3292 Deus,
306 3221 358 3296 qui
382 3220 488 3278 dedisti
509 3220 603 3296 legem
628 3221 727 3296 Moysi
748 3221 781 3277 in
804 3222 973 3280 summitate
997 3223 1106 3280 montis
1126 3223 1220 3299 Sinai,
1241 3232 1272 3285 et
1292 3226 1323 3283 in

129 3302 230 3359 codem
243 3302 306 3359 loco
319 3321 371 3377 per
384 3301 502 3376 angelos
514 3306 582 3359 tuos
592 3320 696 3378 corpus
707 3303 799 3359 beatae
811 3303 996 3375 Katharinae,
1006 3304 1131 3380 virginis
1141 3311 1173 3363 et
1185 3306 1322 3383 martyris

129 3392 197 3453 tuae,
211 3383 386 3439 mirabiliter
405 3382 572 3453 collocasti;
594 3382 701 3452 tribue,
716 3402 891 3458 quaesumus,
909 3389 945 3441 ut
965 3385 1027 3460 ejus
1048 3386 1164 3443 meritis
1188 3392 1218 3445 et
1237 3388 1321 3446 inter-

129 3464 254 3520 cessione
268 3464 306 3520 ad
319 3468 457 3535 montem,
472 3463 524 3539 qui
538 3462 673 3520 Christus
687 3468 739 3534 est,
754 3463 904 3522 valeamus
916 3465 1076 3541 pervenire.
1114 3466 1176 3536 Qui
1187 3473 1292 3527 tecum.

188 3544 329 3619 Epistola.
372 3544 432 3612 Qui
445 3543 596 3620 gloriatur.

189 3624 322 3682 Crudele.
366 3624 467 3700 Specie
480 3631 540 3682 tua.

188 3706 335 3781 Alleluya.
383 3705 413 3764 V.
435 3705 581 3763 AEmulor.
687 3699 691 3708 ’

186 3798 348 3873 Sequentia.
392 3794 605 3877 [Exsultemus
620 3797 664 3855 cel
675 3797 848 3858 uto.-Ms
864 3797 912 3879 C.]

449 3889 526 3948 Odas
540 3891 572 3947 in
586 3890 641 3947 hac
653 3890 700 3948 die
714 3891 796 3948 latas

448 3970 566 4028 Christo
579 3979 666 4027 canat
679 3972 774 4029 omnis
787 3978 858 4030 setas

488 4051 590 4124 Corde,
605 4071 684 4123 voce,
700 4052 825 4112 fidibus:

185 4199 198 4224 *
213 4198 265 4243 MS.
282 4197 474 4243 D.-Puriflcent
493 4210 544 4252 nos,
564 4195 675 4253 Domino,
691 4210 838 4256 quaesumus,
857 4202 881 4244 ct
900 4199 978 4245 divini
1026 4212 1067 4247 rce
1083 4200 1118 4247 tio
1136 4200 1312 4251 mormufld

126 4257 229 4315 gloriosa
238 4257 371 4316 deprecatio
381 4256 444 4301 beati
456 4256 586 4300 Clementis
594 4256 708 4314 martyris
718 4257 754 4302 tui
764 4260 837 4315 atquc
846 4258 973 4317 pontificis.
995 4212 1051 4304 &er
1061 4212 1202 4307 Dominum.

184 4317 198 4376 †
212 4316 264 4361 MS.
281 4316 443 4362 D.—Munera
465 4318 554 4371 nostra,
574 4328 720 4372 quaesumus,
740 4315 851 4373 Domine,
868 4331 952 4364 screno
969 4317 1061 4365 intuitu
1081 4318 1189 4381 maclpe,
1204 4322 1234 4367 ut
1245 4318 1311 4367 hl!-

123 4376 220 4478 ‘iodoliie
229 4377 298 4421 beato
309 4376 468 4435 Chrysogono
479 4378 584 4433 martyre
599 4378 648 4431 tuo,
660 4374 786 4422 criminum
800 4380 938 4425 nostrorum
950 4376 1062 4437 coum
1074 4374 1165 4427 dunch
1176 4378 1309 4443 «μμ

139 4436 172 4478 'er
207 4436 318 4480 ominum.
