2910 4904
568 287 667 352 Festo
687 287 791 352 Jula'c'.
1231 295 1281 370 ‚63

70 455 241 531 fragantem
253 455 290 512 de
303 452 449 530 profundo
463 453 559 530 pelagi
572 453 729 527 liberavit,
749 455 858 512 exaudi
870 474 925 512 nos
938 455 1095 532 propitius,
1106 463 1137 514 et
1147 457 1281 531 concede,

71 543 108 592 ut
123 537 279 593 amborum
293 535 408 592 meritis
422 535 597 592 aeternitatis
611 535 735 612 gloriam
749 555 970 612 consequamur.
1014 537 1075 606 Qui
1087 537 1174 598 vivis.

134 628 279 705 Epistola.
324 628 370 685 Hi
383 635 453 685 sunt
466 627 525 684 viri
538 627 752 688 misericordiae.

138 720 273 779 Gradale.
316 720 338 778 J
341 730 476 778 ustorum
490 721 603 778 animae.

135 802 285 878 Alleluya.
349 802 377 858 V.
414 801 472 858 Isti
500 809 570 859 sunt
598 801 663 859 duae
695 802 788 872 olivae,
817 823 912 878 qaaere
939 804 974 861 a'aa
1000 803 1086 863 Festo
1112 814 1281 872 adactorum

72 882 226 942 Jolmania
239 892 266 940 et
280 882 378 940 Pauli.

135 975 301 1052 Seqaaentic,
316 984 351 1032 ut
364 993 456 1050 supro
469 973 553 1049 infra
569 974 692 1032 Octavus
704 975 908 1051 Apostolorum
920 985 1049 1035 motatur.

136 1069 304 1128 Secundum
318 1068 493 1125 Mattlaaeum
506 1067 579 1144 (xiv.
598 1068 718 1143 22-33).

135 1150 175 1207 In
189 1150 241 1206 illo
259 1157 397 1225 tempore,
413 1149 435 1207 J
438 1149 511 1206 ussit
527 1148 549 1207 J
551 1168 617 1206 esus
635 1148 793 1225 discipulos
806 1169 874 1207 suos
888 1151 1043 1210 ascendere
1058 1153 1091 1208 in
1112 1152 1281 1212 naviculam

72 1251 165 1308 usque
179 1232 220 1288 ad
235 1231 330 1287 Filius
344 1230 401 1286 Dei
416 1250 453 1287 es.

137 1312 240 1369 Credo.

138 1403 331 1478 offertorium.
375 1402 586 1475 Exsultabunt.

136 1497 257 1555 Secreto.

136 1578 296 1636 Offerimus
316 1576 382 1647 tibi,
402 1575 539 1647 Domine,
562 1594 660 1652 preces
684 1583 715 1632 et
741 1596 873 1647 munera,
889 1598 953 1654 quae
976 1584 1012 1635 ut
1033 1586 1086 1636 tuo
1107 1573 1198 1657 digna
1218 1581 1280 1640 sint

70 1666 232 1736 conspectu
247 1657 446 1735 apostolorum
461 1664 590 1727 tuorum,
606 1676 780 1732 quaesumus,
796 1659 931 1735 precibus
944 1659 1128 1736 adjuvemur.
1171 1661 1236 1722 Per.

134 1752 285 1828 Praesatio.
329 1751 370 1807 Et
383 1757 423 1823 te,
438 1750 575 1823 Domine,
592 1751 772 1827 suppliciter.

135 1845 315 1904 Coruncanio.
357 1843 379 1902 ,J
383 1851 515 1901 ustorum
529 1844 644 1901 animae.

135 1939 377 1996 Poatcommuaio.
404 1944 407 1950 '

133 2019 270 2096 Protege,
288 2019 423 2088 Domine,
444 2017 587 2093 populum
609 2025 695 2074 tuum
718 2025 748 2075 et
769 2020 970 2094 apostolorum
994 2026 1116 2079 tuorum
1141 2022 1227 2081 Petri
1247 2033 1279 2083 et

71 2100 162 2159 Pauli
176 2098 340 2178 patrocinio
354 2099 550 2156 confidentem
565 2106 708 2175 perpetua
721 2099 891 2158 defensione
905 2120 1052 2160 conserva.
1095 2102 1161 2163 Per.

53 2313 54 2316 ¹
114 2329 152 2385 Iu
174 2325 940 2397 TsausmrrouusaucrrTuouu,sacu1ur1scoa1
962 2329 1218 2392 circumcisa.

583 2423 675 2501 (uon.
690 2423 769 2503 aar.)

135 2543 276 2620 Officium.
320 2540 485 2599 Laetabitur
493 2542 602 2617 justus.

135 2638 244 2695 Oratae.

134 2719 225 2789 Deus,
251 2717 304 2794 qui
330 2715 415 2772 nobis
442 2715 667 2773 translationem
694 2717 775 2773 beati
801 2716 920 2774 Thomas
947 2719 1088 2795 martyris
1114 2720 1162 2778 tui
1187 2729 1278 2799 atque

70 2801 220 2880 pontilicis
234 2799 381 2856 celebrare
394 2797 537 2869 concedis,
552 2803 583 2854 te
603 2796 776 2872 suppliciter
793 2817 957 2870 exoramus,
972 2806 1008 2856 ut
1028 2801 1092 2876 ejus
1112 2803 1226 2861 meritis
1247 2809 1278 2862 et

70 2881 208 2958 precibus
221 2899 240 2936 a
253 2879 338 2936 vitiis
350 2877 389 2934 ad
402 2877 530 2934 virtutes
544 2884 575 2934 et
588 2897 606 2934 a
619 2898 732 2936 carcere
749 2880 964 2937 transferamur
985 2879 1022 2938 ad
1044 2900 1176 2958 regnum.
1218 2884 1278 2944 Per

70 2962 246 3020 Dominum.

132 3042 276 3118 Epistola.
319 3040 426 3098 Justus
440 3041 465 3096 si
479 3045 581 3097 morte.

133 3121 270 3180 (hadala.
313 3120 335 3179 J
338 3130 420 3178 ustus
435 3127 470 3178 ut
483 3120 590 3196 palma.

131 3204 283 3278 Alleluya.
333 3203 361 3259 V.
384 3203 405 3260 J
410 3209 492 3259 ustus
506 3220 565 3257 non
580 3202 812 3258 conturbabitur.
859 3254 863 3261 .

131 3296 297 3372 ,S‘equeotm
341 3294 398 3372 Spe
412 3293 562 3364 mercedis,
576 3303 610 3350 ca
624 3294 657 3350 a'a
671 3295 729 3350 alio
743 3295 835 3364 Festo,
848 3296 961 3370 require
975 3296 1009 3353 ia
1021 3297 1081 3355 olio
1094 3298 1156 3375 pus
1169 3300 1260 3359 Festo.

131 3389 336 3464 amimalium.
379 3389 443 3464 Ego
464 3407 529 3444 sum
550 3393 650 3464 pastor
672 3388 775 3460 bonus,
794 3388 907 3462 require
925 3389 959 3446 ira
972 3390 1131 3449 Dominica
1151 3396 1276 3452 arcuada

65 3482 133 3551 post
149 3471 273 3529 Pascha.

134 3564 328 3638 Offertorium.
371 3560 509 3633 Posuisti,
526 3560 661 3618 Domine.

133 3659 254 3716 Secreta.

133 3741 225 3809 Deus,
243 3738 296 3814 qui
317 3756 424 3812 panem
446 3743 477 3792 et
500 3736 604 3791 vinum
629 3735 662 3791 in
683 3754 788 3810 corpus
810 3741 897 3792 tuum
919 3744 950 3794 et
973 3739 1145 3815 sanguinem
1167 3740 1277 3801 caelesti

71 3821 277 3879 benedictione
305 3818 460 3889 convertis,
484 3817 608 3874 concede
635 3817 782 3893 propitius
809 3824 844 3874 ut
871 3818 908 3874 ad
936 3826 1019 3876 tuam
1046 3821 1275 3882 misericordiam

72 3907 255 3960 recurrentes
269 3905 322 3956 tuo
336 3899 445 3976 placito
458 3897 681 3956 conformemur.
726 3897 786 3966 Qui
799 3898 884 3955 vivis.

135 3993 317 4053 Communia
360 3992 472 4068 Magna
486 3996 537 4048 est.

134 4085 377 4145 Poatcommuaiu

134 4169 225 4239 Deus,
250 4168 303 4244 qui
326 4169 445 4222 beatum
472 4165 615 4221 rhomam
643 4171 804 4240 martyrem
831 4171 917 4222 tuum
945 4172 1034 4242 atque
1061 4169 1230 4242 pontificem
1257 4191 1276 4231 a

72 4249 226 4326 suppliciis
238 4249 277 4306 ad
294 4247 402 4324 gaudia
418 4246 608 4317 transtulisti,
624 4247 723 4303 tribue
738 4266 914 4322 quaesumus,
929 4256 964 4304 ut
982 4249 1034 4323 qui
1051 4250 1275 4312 translationem

70 4331 139 4407 ejus
153 4349 327 4387 veneramur
340 4329 372 4385 in
385 4329 474 4385 terris
486 4347 538 4405 per
552 4328 614 4403 ejus
630 4328 828 4404 patrocinium
848 4329 885 4386 ad
907 4328 1032 4387 caelest-ia
1053 4331 1273 4394 transferamur.

75 4412 145 4471 Per.
