2910 4904
657 308 804 394 Prefuce.

316 527 356 584 In
376 544 430 584 niu
451 511 557 584 §mon
578 526 693 598 Davm,
716 542 851 584 11180011
872 543 909 582 ur
930 543 1133 607 concusseris.

188 658 239 717 Ad
253 657 384 716 Missam,
430 658 570 733 Officium.

188 740 376 797 Gaudeamus
400 759 501 796 omnes
523 740 553 796 in
569 737 698 796 Domino
718 738 797 795 diem
816 739 925 796 festum
946 739 1126 796 celebrantes
1146 739 1201 796 sub
1213 738 1325 797 honore

126 822 221 879 sancti
236 821 335 878 David
348 820 495 897 praesulis3
508 820 545 877 de
555 821 639 896 cujus
651 819 849 876 sollemnitate
862 820 992 896 gaudent
1002 820 1099 896 angeli
1112 825 1143 878 et
1156 819 1326 878 collaudant

127 903 241 960 Filium
255 901 320 959 Dei.

187 982 333 1040 Psalmus.
376 981 536 1050 Memento,
550 980 687 1050 Domine,
702 980 801 1038 David
816 1002 822 1038 :
843 987 873 1038 et
888 981 983 1038 omnis
997 981 1232 1038 mansuetudinis
1251 981 1321 1055 ejus.

187 1062 230 1120 Ia
255 1062 529 1122 Commemoratione
552 1082 621 1119 oero-
643 1062 738 1119 sancti
764 1063 874 1134 Dauid,
897 1071 965 1119 tum
992 1064 1032 1120 od
1059 1063 1184 1120 Missam
1207 1061 1325 1120 dicotur

129 1143 269 1219 Officium,
286 1143 399 1200 Statuit
413 1143 440 1200 ei
454 1142 609 1199 Dominus.

189 1224 299 1283 Oratio

188 1305 279 1375 DeuS,
295 1305 347 1380 qui
358 1304 478 1361 beatum
492 1302 592 1361 David
606 1303 799 1360 confessorem
819 1310 905 1360 tuum
926 1309 1014 1380 atque
1030 1304 1207 1380 pontificem,
1219 1303 1323 1379 angelo

126 1387 295 1455 nuntiante,
311 1385 434 1461 triginta
448 1385 533 1441 annis
547 1390 705 1460 antequam
719 1390 896 1456 nasceretur,
912 1384 1096 1461 praedixisti3
1117 1385 1216 1441 tribue
1228 1384 1323 1456 nobiS,

126 1486 303 1543 quaesumus,
325 1472 360 1522 ut
380 1466 463 1541 cujus
483 1465 677 1522 festivitatem
697 1465 827 1537 colimus,
846 1466 909 1541 ejus
929 1466 1135 1523 intercessione
1155 1465 1193 1523 ad
1214 1471 1324 1522 aeterna

126 1547 236 1624 gaudia
248 1546 459 1623 perveniamus.
503 1547 561 1603 Per
575 1545 745 1603 Dominum.

128 1649 130 1653 ⁴
187 1629 283 1686 Lectio
297 1627 364 1685 libri
376 1627 541 1702 Sapientiae.
585 1627 660 1684 Ecce
675 1627 806 1683 sacerdos
820 1645 944 1704 maguus
958 1626 1010 1702 qui
1023 1626 1056 1684 in
1069 1627 1172 1684 diebus
1186 1627 1255 1682 suis.

189 1707 323 1766 Grudala

188 1789 327 1860 Domine,
348 1787 517 1864 praevenisti
537 1808 605 1844 eum
625 1789 658 1844 in
675 1788 930 1846 'benedictionibus
951 1787 1131 1846 dulcedinis:
1151 1786 1276 1864 posuisti
1292 1787 1325 1842 in

127 1870 225 1946 capite
238 1871 301 1946 ejus
315 1889 452 1926 coronam
467 1870 503 1926 de
516 1869 613 1944 lapide
627 1869 762 1944 pretioso.
942 1871 944 1875 ’

133 1951 162 2010 V.
185 1951 294 2008 Vitam
306 1950 402 2027 petiit,
418 1956 449 2007 et
462 1949 596 2006 tribuisti
609 1950 636 2006 ei
649 1950 866 2030 longitudinem
879 1950 994 2008 dierum
1007 1950 1040 2007 in
1053 1949 1193 2008 saeculum
1207 1947 1313 2005 saeculi.

188 2031 338 2106 Alleluya.
387 2031 416 2089 V.
440 2030 548 2088 Inveni
569 2030 669 2087 David
689 2050 806 2087 servum
827 2051 945 2090 meum:
967 2032 1030 2090 oleo
1051 2037 1152 2089 saneto
1172 2048 1237 2088 meo
1250 2027 1326 2086 unxi

129 2132 206 2190 eum.¹
249 2112 396 2187 Alleluya.

187 2193 351 2268 Sequentia.

452 2272 550 2329 David
565 2271 629 2328 caeli
642 2271 754 2329 clarum
769 2273 857 2345 sidus

452 2353 547 2410 Novae
561 2352 634 2428 legis
648 2352 732 2409 testis
746 2353 831 2427 fidus,

492 2434 587 2490 Micat
600 2433 632 2488 in
647 2433 806 2490 Britanea:

454 2514 547 2589 Cujus
561 2514 626 2570 vita
639 2514 718 2569 clara
732 2515 804 2570 satis

453 2595 494 2651 Et
508 2594 642 2650 doctrina
654 2593 790 2650 veritatis

492 2675 625 2732 Ornatur
638 2674 785 2731 Menevia.

451 2814 644 2872 Praecursoris
657 2820 688 2871 et
702 2813 844 2889 Baptistae

452 2897 544 2953 Ortus
558 2896 599 2952 sic
614 2900 644 2951 et
658 2895 766 2970 praesul
779 2895 841 2969 ipse

492 2975 668 3032 Praedicitur
681 2975 824 3031 divinitus
837 2994 843 3031 t

453 3057 588 3125 Quantus
602 3056 679 3112 foret
694 3055 805 3113 Christi
819 3075 919 3112 servus

451 3138 515 3194 Mel
529 3137 666 3208 declarat,
682 3156 764 3211 aqua,
782 3156 893 3208 cervus,

493 3218 583 3294 Signa
597 3217 666 3274 data
680 3217 800 3295 coelitus.

452 3357 513 3413 Hic
528 3361 573 3412 est
585 3355 668 3431 pugil
682 3355 904 3427 Britannorum,

452 3438 526 3493 Dux
540 3442 570 3493 et
583 3437 685 3493 doctor
698 3435 889 3507 Walicorum,

492 3518 550 3574 Dei
563 3517 664 3573 favens
678 3516 792 3573 civibus
805 3537 811 3573 ι

450 3597 583 3674 Simplex
597 3599 683 3654 corde
696 3597 805 3653 fastum
818 3596 890 3653 terit
902 3616 910 3667 3

452 3679 567 3737 Urbem
582 3697 730 3753 spernens
745 3677 852 3734 vallem
867 3675 990 3752 quaerit

492 3759 660 3835 Congruam
673 3757 842 3815 humilibus.

452 3897 533 3954 Nato
547 3916 654 3953 nomen
667 3896 774 3971 vulgus
788 3896 878 3952 donat

452 3978 538 4034 Dewi
552 3975 738 4047 deueroure‚l
752 3978 830 4052 quod
845 3984 874 4034 et
890 3982 975 4033 sonat

494 4059 592 4116 David
606 4057 654 4114 vir
667 4058 830 4133 aquaticus.

454 4139 552 4196 Oaecos
568 4144 660 4210 curat,
677 4139 792 4194 morbos
807 4137 900 4213 pellit,

453 4220 577 4276 Daemon
591 4219 676 4294 fugit,
692 4238 779 4294 quem
794 4218 915 4294 expellit

493 4299 607 4357 Psaltes
621 4300 822 4375 Evangelicus.

526 4440 540 4466 ⁴*
554 4441 589 4486 ie.
601 4444 615 4467 “
623 4439 740 4497 dwfrwr,‘’
750 4453 777 4484 or
787 4443 802 4468 “
809 4439 934 4484 dwm·wr·.”
