2910 4904
542 294 639 359 Festa
660 295 851 361 Februarii.
1257 307 1296 370 19

92 461 268 538 deligamus.
312 462 373 532 Qui
399 482 467 519 cum
489 461 578 519 Patre
601 467 631 519 et
654 463 756 519 eodem
780 463 894 540 Spiritu
918 465 1026 524 Sancto
1050 468 1127 525 vivis
1150 474 1180 526 et
1194 490 1297 547 regnas

93 541 187 599 Deus.
231 543 290 600 Per
303 544 401 601 omnia
415 543 520 600 saecula
534 543 714 601 saeculorum.
756 545 863 602 Amen.

157 622 198 680 Ia
211 624 309 682 reditu
322 626 357 681 de
371 624 471 680 Alteri
485 624 571 681 beata
584 624 700 682 Marica.
743 624 978 700 Respmasmiam.

158 703 270 778 Gaude,
284 705 387 782 gaude,
416 705 515 762 Maria
528 705 630 780 virgo,
661 711 779 762 cunctas
799 708 922 765 haereses
941 709 1002 766 sola
1015 711 1210 784 interemisti,
1230 733 1295 789 quae

94 784 244 843 Gabrielis
267 785 434 862 archangeli
458 786 544 842 dictis
568 785 736 843 credidisti:
771 787 843 844 dum
865 791 949 865 virgo
972 791 1071 848 Deum
1091 799 1122 849 et
1145 793 1295 852 homiuem

92 867 233 941 genuisti,
249 874 280 924 et
293 873 359 943 post
372 873 491 942 partum
505 867 588 942 virgo
602 867 746 923 inviolata
759 870 954 942 permansisti.

100 946 129 1002 V.
155 947 324 1005 Gabrielem
348 947 556 1023 archangelum
578 949 685 1004 scimus
707 948 850 1005 divinitus
874 957 905 1008 te
927 971 988 1008 esse
1011 952 1151 1012 affatum:
1175 961 1295 1012 uterum

91 1032 181 1084 tuum
213 1028 250 1085 de
278 1029 392 1104 Spiritu
420 1028 528 1085 Sancto
555 1028 699 1084 credimus
726 1028 968 1104 impregnatum:
999 1036 1150 1093 erubescat
1168 1035 1292 1094 Judaeus

89 1107 209 1180 infelix,
225 1110 278 1184 qui
292 1109 364 1167 dicit
378 1108 530 1166 Christum
544 1128 582 1165 ex
595 1108 617 1166 J
619 1109 708 1184 oseph
721 1110 831 1166 semine
845 1131 905 1169 esse
918 1119 1031 1172 natum.

155 1200 278 1260 Prosci*

336 1283 495 1353 Inviolata,
510 1283 633 1358 integra,
648 1290 679 1339 et
693 1288 772 1340 casta
786 1303 826 1356 es,
841 1285 959 1359 Maria,

337 1364 410 1433 Quae
424 1384 455 1420 es
469 1365 572 1421 effecta
585 1363 698 1438 fulgida
711 1364 775 1421 caeli
787 1372 881 1440 porta.

336 1445 362 1502 Ο
377 1445 477 1501 Mater
490 1445 568 1501 alma
582 1444 694 1501 Christi
707 1445 864 1518 carissima,

337 1525 457 1600 Suscipe
471 1525 592 1582 laudum
605 1525 655 1600 pia
669 1527 844 1600 precamina,

334 1607 446 1663 Nostra
459 1611 495 1662 ut
508 1626 583 1682 pura
597 1612 714 1682 pectora
728 1607 789 1663 sint
803 1614 833 1664 et
848 1628 977 1685 corpora,

335 1687 407 1757 Quae
421 1707 500 1743 nunc
514 1687 650 1762 flagitant
664 1687 777 1758 devote,
793 1708 918 1766 voxque,
935 1697 966 1746 et
980 1691 1074 1749 corda.

334 1768 380 1825 Tu
394 1769 432 1824 da
445 1787 498 1843 per
510 1773 629 1843 precata
642 1766 794 1825 dulcisona

334 1849 430 1906 Nobis
444 1856 585 1924 perpetua
599 1848 659 1904 frui
673 1849 742 1905 vita.

332 1930 467 2000 Obeata,
483 1931 508 1987 Ο
523 1930 658 2005 benigna,
676 1929 701 1986 Ο
716 1930 810 2002 beata,
827 1949 893 2006 quae
908 1931 969 1988 sola
1074 1999 1076 2004 ,

331 2009 482 2066 inviolata
495 2010 690 2086 permansisti.

147 2108 327 2166 lassatione
341 2117 407 2166 cate
423 2109 562 2167 Crucem:
596 2109 830 2183 Bcspoasors'am.

147 2190 336 2266 Responsum
350 2191 462 2265 accepit
477 2190 604 2264 Symeon
615 2210 632 2246 a
644 2190 758 2265 Spiritu
768 2189 875 2247 Sancto
889 2210 950 2247 non
961 2193 1095 2250 visurum
1108 2214 1139 2252 se
1153 2204 1287 2272 mortem,

84 2270 144 2329 nisi
152 2271 268 2328 rideret
283 2271 436 2328 Christum
453 2271 583 2328 Domini.
627 2271 748 2327 Etcum
763 2270 936 2328 inducerent
949 2292 1074 2347 puerum
1088 2276 1120 2332 in
1133 2280 1287 2354 templum,

84 2353 198 2428 accepit
212 2372 281 2410 eum
301 2352 334 2409 in
354 2352 439 2408 ulnas
460 2371 534 2424 suas,
550 2357 580 2408 et
594 2351 747 2408 benedixit
761 2352 867 2424 Deum,
884 2360 914 2409 et
928 2352 1026 2412 dixit:
1051 2356 1141 2414 Nunc
1159 2359 1287 2418 dimittis

83 2452 204 2490 serrum
219 2441 307 2490 tuum
321 2433 450 2489 Domine
463 2433 495 2488 in
508 2452 586 2508 pace.

89 2513 119 2570 Γ.
157 2513 321 2590 Postquam
345 2513 461 2589 impleti
488 2520 558 2570 sunt
585 2513 646 2569 dies
673 2513 857 2589 purgationis
885 2513 989 2570 Mariae
1010 2517 1171 2575 secundum
1192 2519 1286 2596 legem

83 2593 193 2669 Moysi,
209 2597 346 2653 tulerunt
372 2594 394 2652 J
396 2614 477 2651 esum
503 2595 536 2650 in
564 2595 760 2665 Hierusalem,
784 2600 819 2650 ut
843 2594 980 2651 sisterent
1007 2615 1075 2653 eum
1096 2597 1234 2673 Domine,
1255 2612 1286 2660 et

82 2675 213 2733 facerent
237 2676 399 2733 secundum
423 2675 665 2732 consuetudinem
687 2675 759 2751 legis
781 2693 834 2750 pro
853 2694 905 2731 eo:
924 2681 954 2732 et
971 2695 1036 2734 ecce
1050 2697 1141 2736 senex
1156 2681 1286 2757 Symeon

82 2756 205 2814 veniens
219 2757 252 2813 in
266 2757 383 2832 Spiritu
396 2756 429 2812 in
442 2757 593 2832 templum.
636 2756 762 2832 Accepit
775 2775 849 2813 eum.

150 2848 321 2907 Versiculos.
366 2849 546 2906 Obtulerunt
559 2869 612 2925 pro
626 2869 660 2906 eo
674 2849 811 2906 Domino.

143 2931 227 3006 Rasp.
271 2930 332 2987 Par
350 2936 511 3002 turturum,
526 2936 577 2986 aut
592 2930 664 2987 duos
678 2931 775 3006 pullos
788 2929 998 2988 columbarum.

148 3011 284 3069 Oremus.
329 3010 438 3068 Oratio.

45 3085 50 3094 ’
142 3092 258 3150 Perfice
293 3091 326 3148 in
352 3093 446 3164 nobis,
476 3111 650 3167 quaesumus,
680 3091 816 3163 Domine,
851 3092 976 3167 gratiam
1003 3099 1094 3167 tuam,
1124 3097 1176 3171 qui
1205 3101 1283 3174 justi

80 3173 238 3248 Symeonis
259 3172 495 3248 expectationem
518 3172 656 3248 implesti,
670 3178 705 3228 ut
719 3172 795 3228 sicut
819 3172 870 3229 ille
884 3179 1008 3229 mortem
1025 3194 1086 3231 non
1099 3177 1183 3249 vidit,
1199 3182 1283 3255 prius

79 3274 170 3330 quam
185 3254 338 3312 Christum
353 3254 515 3310 Dominum
529 3254 627 3309 videre
641 3261 810 3325 mereretur,
822 3253 906 3310 itaet
920 3274 973 3311 nos
986 3255 1081 3312 vitam
1095 3259 1280 3319 obtineamus

79 3344 231 3393 aeternam.
274 3334 334 3391 Per
347 3335 473 3391 eundem
487 3329 646 3391 Christum.

139 3429 163 3486 I
161 3450 183 3485 a
197 3428 321 3485 irdroita
335 3427 420 3484 chori.
463 3427 695 3502 Respoasoriam.

140 3510 220 3567 Cum
232 3509 407 3566 inducerent
430 3527 554 3583 puerum
575 3506 596 3564 J
598 3527 679 3564 esum
700 3513 836 3583 parentes
858 3509 929 3583 ejus,
944 3512 1056 3586 accepit
1069 3534 1137 3571 eum
1152 3513 1279 3590 Symeon

78 3593 110 3648 in
135 3591 223 3648 ulnas
246 3609 322 3660 suas,
339 3596 369 3646 et
391 3590 543 3646 benedixit
570 3588 677 3658 Deum,
701 3595 731 3644 et
754 3588 853 3646 dixit:
882 3589 972 3648 Nunc
986 3592 1122 3668 dimittis,
1139 3595 1275 3671 Domine,

78 3692 199 3730 servum
213 3680 302 3729 tuum
314 3671 347 3726 in
360 3689 438 3746 pace.

86 3754 114 3811 V.
142 3753 304 3829 Accipiens
321 3752 453 3828 ¹Symeon
474 3749 505 3805 in
533 3750 618 3806 ulnas
638 3769 765 3825 puerum
785 3749 817 3806 in
834 3751 970 3810 manibus
987 3756 1098 3829 gratias
1120 3778 1209 3835 agens
1227 3780 1276 3818 ex-

78 3835 228 3902 clamavit,
243 3835 342 3890 diceus
357 3853 363 3889 :
385 3831 474 3888 Nunc
488 3831 621 3888 dimittis.

144 3915 315 3977 Versiculos.
359 3912 485 3988 Symeon
495 3913 595 3987 justus
610 3918 639 3968 et
652 3912 817 3969 timoratus

138 3997 222 4074 Ilesp.
259 3993 445 4070 Expectabat
455 3993 686 4069 redemptionem
694 3993 796 4064 Israel,
807 3998 836 4050 et
846 3992 974 4069 Spiritus
983 3995 1108 4056 Sanctus
1116 4002 1270 4061 eratineo.

140 4077 273 4134 Oremus.
318 4074 428 4132 Oratio.

137 4157 265 4229 Exaudi,
280 4174 456 4232 quaesumus,
472 4154 608 4224 Domine,
619 4154 734 4229 plebem
748 4160 840 4227 tuam,
852 4162 881 4212 et
895 4176 960 4231 quse
979 4161 1159 4218 extrinsecus
1172 4182 1272 4222 annua

74 4239 186 4296 tribuis
207 4239 363 4296 devotione
386 4237 529 4307 venerari,
550 4235 676 4292 interius
699 4236 814 4312 assequi
834 4238 936 4312 gratiae
965 4244 1023 4297 tuae
1050 4242 1113 4299 luce
1138 4246 1269 4305 concede.

74 4320 135 4378 Per
149 4318 299 4378 Christum
314 4318 478 4377 Dominum
492 4323 633 4374 nostrum.

379 4448 392 4477 ⁸
406 4445 459 4492 MS.
475 4444 568 4492 D.—Et
577 4444 668 4491 dicatur
675 4443 757 4503 Proca,
767 4443 788 4490 si
796 4444 967 4505 necessefaen't.
