2910 4904
560 347 668 412 Misso
687 369 752 432 pro
774 348 902 413 Amica.
1205 389 1207 392 -
1265 349 1328 418 167

193 515 385 588 Offertoriurn.

190 595 282 652 Stetit
302 595 423 671 angelus
446 596 537 670 juxta
564 615 646 652 aram
667 596 779 670 templi,
805 595 916 653 habens
940 595 1130 652 thuribulum
1155 614 1278 653 aureum
1301 596 1333 652 in

125 695 221 732 manu
234 696 287 733 sua
301 697 306 733 :
328 683 358 733 et
372 676 441 732 data
455 683 525 732 sunt
544 676 573 733 ei
585 677 703 733 incensa
716 677 829 734 multa:
851 682 881 734 et
901 677 1033 734 ascendit
1052 677 1153 734 fumus
1167 682 1332 734 aromatum

126 758 163 812 in
177 763 333 833 conspectu
347 756 412 829 Dei,
427 756 561 832 alleluya

191 837 311 896 Secreto.

191 919 315 975 Hostias
334 918 399 990 tibi,
422 917 558 988 Domine,
581 918 677 975 laudis
707 919 865 991 offerimus,
886 919 1058 995 suppliciter
1078 918 1276 994 deprecantes,
1299 924 1335 975 ut

127 999 255 1069 casdem,
270 998 400 1074 angelico
420 1017 474 1074 pro
495 999 580 1055 nobis
600 999 817 1058 interveniente
837 1001 982 1076 suffragio,
998 1006 1028 1056 et
1047 1001 1180 1075 placatus
1200 998 1333 1075 accipias,
1419 1071 1421 1078 Ι

129 1087 163 1137 et
176 1081 214 1137 ad
228 1079 351 1136 salutem
366 1086 496 1135 nostram
506 1080 662 1155 provenire
676 1081 822 1138 concedas,
865 1081 924 1137 Per
937 1080 1109 1138 Dominum.

195 1159 378 1218 Communia.

193 1240 364 1298 Benedicite
380 1260 481 1297 omnes
498 1241 596 1316 angeli
610 1241 733 1298 Domini
747 1241 876 1298 Domino
891 1263 897 1299 ε
918 1241 1064 1317 hymnum
1079 1241 1176 1312 dicite,
1191 1245 1222 1298 et
1239 1260 1336 1317 super·

130 1321 262 1379 exaltate
277 1322 388 1378 eumin
404 1323 516 1380 saecula.

192 1402 435 1460 Postcommaaio.

192 1482 322 1558 Repleti,
348 1482 484 1554 Domine,
510 1483 714 1540 benedictione
738 1481 854 1554 caelesti,
880 1483 1052 1560 suppliciter
1076 1483 1277 1559 imploramus,
1302 1487 1337 1537 ut

132 1564 212 1640 quod
220 1563 321 1638 fragili
331 1563 510 1620 celebramus
519 1565 621 1635 officio,
631 1569 799 1621 sanctorum
808 1564 977 1640 angelorum
993 1572 1083 1639 atque
1094 1563 1337 1639 archangelorum

132 1645 326 1720 omniumque
340 1645 500 1701 caelestium
514 1645 674 1721 spirituum
687 1644 772 1701 nobis
786 1646 921 1719 prodesse
939 1645 1102 1702 sentiamus
1115 1644 1235 1702 auxilio.
1268 1643 1334 1700 Per.

579 1845 679 1904 M1ssa
699 1862 756 1904 rao
777 1846 892 1905 Anrco.

196 1925 339 2000 Officium.

194 2007 303 2064 Justus
326 2027 365 2078 es
388 2007 525 2079 Domine,
540 2013 570 2064 et
594 2013 708 2064 rectum
727 2007 875 2084 judicium
898 2014 1007 2066 tuum:
1029 2007 1075 2064 fac
1094 2027 1161 2065 cum
1181 2026 1266 2066 servo
1286 2013 1339 2065 tuo

133 2087 296 2145 secundum
306 2087 535 2144 misericordiam
550 2097 639 2146 tuam.

195 2167 340 2226 Paolmaa
385 2168 472 2226 Beati
485 2170 666 2226 immaculati
680 2169 712 2225 in
726 2169 795 2227 via:
816 2168 869 2246 qui
882 2167 1035 2226 ambulant
1049 2169 1081 2226 in
1095 2170 1159 2246 lege
1174 2169 1304 2227 Domini.

199 2248 309 2307 Oratio.

197 2329 394 2406 Omnipotens
407 2331 583 2406 sempiterne
597 2331 686 2399 Deus,
701 2331 838 2388 miserere
851 2330 962 2388 famulo
981 2337 1035 2387 tuo
1055 2331 1094 2388 N.
1099 2375 1106 2402 ,
1122 2337 1152 2389 et
1166 2331 1259 2407 dirige
1273 2351 1340 2388 eum
1417 2349 1419 2354 ’

136 2411 299 2467 secundum
312 2416 395 2467 tuam
409 2411 594 2468 clementiam
608 2413 641 2468 in
654 2413 735 2468 viam
749 2412 853 2469 salutis
867 2418 983 2468 aeternae
995 2431 1004 2484 ;
1024 2418 1060 2468 ut
1078 2418 1109 2469 te
1130 2413 1268 2485 donante,
1283 2412 1340 2469 tibi

137 2492 248 2566 placita
262 2491 371 2567 cupiat,
387 2500 417 2548 et
431 2497 495 2549 tota
507 2494 621 2549 virtute
634 2492 773 2568 perficiat.
816 2492 882 2550 Per.

197 2582 251 2640 Ad
264 2583 411 2641 Romanos
424 2583 503 2660 (viii.
518 2585 566 2656 26,
582 2584 646 2663 27).

198 2664 335 2721 Fratres:
357 2664 486 2740 Spiritus
499 2665 621 2740 adjuvat
634 2665 838 2722 infirmitatem
847 2686 937 2740 usquc
951 2665 1136 2742 adpostulat
1150 2685 1203 2742 pro
1217 2665 1309 2722 nobis

200 2757 273 2814 Alia
286 2758 439 2833 Epistola:
459 2757 510 2815 Ad
524 2759 645 2816 Galatas
659 2753 712 2836 (oi.
732 2760 757 2830 l,
773 2759 791 2815 2
793 2761 818 2834 )

200 2838 341 2897 Fratres:
363 2839 396 2896 si
409 2845 627 2915 praeoccupatus
640 2859 730 2913 usque
744 2841 784 2896 ad
798 2840 835 2896 ad
848 2839 1009 2916 implebitis
1022 2840 1117 2916 legem
1131 2839 1250 2897 Christi.

203 2930 339 2989 Gradcle.
382 2931 504 2988 Salvum
516 2932 563 2988 fac
576 2952 694 2989 servum
708 2938 794 2988 tuum
808 2953 814 2989 :
836 2933 918 2990 Deus
931 2952 1022 3005 meus,
1035 2939 1203 3009 sperantem
1216 2934 1249 2989 in
1262 2939 1301 2990 te.

147 3013 176 3069 Γ.
199 3013 336 3069 Auribus
349 3014 464 3089 percipe
479 3013 641 3070 orationem
656 3032 758 3069 meam.

201 3093 350 3168 Alleluya
400 3093 428 3150 V.
452 3093 499 3150 De
512 3093 666 3170 profundis
686 3093 812 3150 clamari
825 3095 861 3151 ad
876 3100 906 3151 te
917 3095 1061 3151 Domine:
1084 3095 1222 3166 Domine,
1237 3094 1345 3152 exaudi

140 3193 244 3232 vocem
257 3193 361 3231 meam.

202 3254 370 3312 Secundum
383 3253 495 3312 Lucana
508 3255 564 3328 (aci.
582 3255 674 3332 9-13).

204 3335 244 3392 In
258 3335 311 3391 illo
325 3346 464 3411 tempore,
477 3335 565 3392 Dixit
574 3336 596 3394 J
599 3356 664 3393 esus
675 3336 824 3413 discipulis
838 3337 916 3408 suis3
938 3337 1036 3394 Petite
1046 3356 1137 3411 aeque
1151 3337 1191 3394 acl
1202 3336 1346 3412 Spiritum

144 3418 256 3474 bonum
271 3416 440 3491 petentibus
454 3436 492 3473 se.

204 3495 375 3554 Secundum
388 3497 527 3554 Marcum
540 3496 597 3573 (ai.
615 3497 704 3554 23-26
710 3499 730 3570 ).

206 3577 244 3634 In
259 3577 311 3633 illo
324 3583 464 3653 tempore,
481 3578 570 3635 Dixit
583 3579 604 3636 J
606 3598 671 3635 esus
690 3579 841 3654 discipulis
855 3579 935 3650 suis3
956 3579 1065 3650 Amen,
1081 3579 1147 3635 dico
1161 3578 1254 3649 vobis,
1271 3579 1348 3648 Quia

145 3659 170 3714 si
184 3658 252 3734 quis
266 3659 378 3714 dixerit
390 3659 460 3715 huic
474 3658 570 3716 monti
583 3679 673 3733 usqae
687 3661 728 3716 od
742 3660 849 3717 delicta
862 3666 968 3717 vestra.

209 3738 403 3812 offertorium.

208 3820 334 3896 Sperent
354 3821 387 3876 in
407 3827 437 3878 te
450 3839 549 3877 omnes
563 3819 615 3895 qui
635 3827 783 3878 noverunt
802 3840 911 3878 nomen
931 3827 1026 3893 tuum,
1041 3822 1189 3879 Domine:
1210 3819 1347 3896 quoniam

147 3920 208 3958 non
235 3900 414 3975 derelinquis
438 3907 602 3976 quaerentes
626 3908 673 3973 te;
705 3902 821 3977 psallite
844 3902 973 3960 Domino
995 3903 1047 3978 qui
1071 3903 1188 3960 habitat
1210 3903 1242 3958 in
1267 3900 1348 3968 Sion,

147 3982 289 4057 quoniam
304 3988 422 4039 nonest
436 3982 545 4038 oblitus
559 3982 722 4039 orationem
736 3983 879 4059 pauperis,

209 4061 250 4118 In
266 4071 388 4138 tempore
401 4062 545 4132 Pasclteli,
561 4062 709 4138 Alleluya.

210 4142 332 4202 Secreta.

211 4224 361 4294 Proficiat,
376 4243 550 4298 quaesumus
567 4225 702 4296 Domine,
717 4225 779 4281 haec
799 4210 909 4281 oblatio
923 4245 1011 4301 quam
1025 4232 1084 4281 tuae
1098 4224 1241 4300 supplices
1255 4222 1350 4279 offeri-

149 4325 216 4362 mus
226 4304 385 4381 majestati,
400 4304 437 4361 ad
451 4305 577 4362 salutem
597 4305 702 4362 famuli
721 4306 776 4376 tui,
793 4311 829 4362 ut
849 4312 900 4362 tua
914 4306 1101 4381 providentia
1115 4307 1179 4382 ejus
1193 4305 1256 4361 vita
1274 4304 1353 4360 inter

149 4386 272 4444 alversa
286 4392 322 4443 et·
331 4404 471 4461 prospera
483 4386 594 4462 ubique
607 4387 761 4462 dirigatur.
804 4387 863 4444 Per
877 4387 1047 4446 Dominum.

212 4466 255 4524 Ia
269 4474 393 4542 tempore
407 4466 554 4538 Poactali,
569 4467 718 4544 Alleluya,
733 4467 870 4542 alleluya.
