<?xml version="1.0" encoding="UTF-8"?>
<!DOCTYPE html PUBLIC "-//W3C//DTD XHTML 1.0 Transitional//EN"
    "http://www.w3.org/TR/xhtml1/DTD/xhtml1-transitional.dtd">
<html xmlns="http://www.w3.org/1999/xhtml" xml:lang="en" lang="en">
 <head>
  <title>
</title>
<meta http-equiv="Content-Type" content="text/html;charset=utf-8" />
  <meta name='ocr-system' content='tesseract 3.04.00' />
  <meta name='ocr-capabilities' content='ocr_page ocr_carea ocr_par ocr_line ocrx_word'/>
</head>
<body>
  <div class='ocr_page' id='page_1' title='image "./missaleadusumin01churgoog_0204.png"; bbox 0 0 2910 4904; ppageno 0'>
   <div class='ocr_carea' id='block_1_1' title="bbox 487 259 892 327">
    <p class='ocr_par' dir='ltr' id='par_1_1' title="bbox 487 259 892 327">
     <span class='ocr_line' id='line_1_1' title="bbox 487 259 892 327; baseline -0.002 0"><span class='ocrx_word' id='word_1_1' title='bbox 487 259 661 327; x_wconf 79' lang='lat' dir='ltr'><strong>Orationes</strong></span> <span class='ocrx_word' id='word_1_2' title='bbox 686 260 892 327; x_wconf 75' lang='lat' dir='ltr'><strong>Communes.</strong></span> 
     </span>
    </p>
   </div>
   <div class='ocr_carea' id='block_1_2' title="bbox 91 482 1294 1039">
    <p class='ocr_par' dir='ltr' id='par_1_2' title="bbox 91 482 1294 1039">
     <span class='ocr_line' id='line_1_2' title="bbox 455 482 935 540; baseline 0.002 -1"><span class='ocrx_word' id='word_1_3' title='bbox 455 482 521 540; x_wconf 80' lang='lat' dir='ltr'><strong>Pro</strong></span> <span class='ocrx_word' id='word_1_4' title='bbox 542 483 702 539; x_wconf 78' lang='lat' dir='ltr'><strong>Pnnmrrs</strong></span> <span class='ocrx_word' id='word_1_5' title='bbox 724 499 761 539; x_wconf 84' lang='lat' dir='ltr'><strong>nr</strong></span> <span class='ocrx_word' id='word_1_6' title='bbox 783 482 935 540; x_wconf 78' lang='lat' dir='ltr'><strong>Snnnmrs.</strong></span> 
     </span>
     <span class='ocr_line' id='line_1_3' title="bbox 155 574 264 635; baseline 0.018 -2"><span class='ocrx_word' id='word_1_7' title='bbox 155 574 264 635; x_wconf 77' lang='lat' dir='ltr'><strong>Oratio</strong></span> 
     </span>
     <span class='ocr_line' id='line_1_4' title="bbox 153 656 1292 733; baseline 0.001 -19"><span class='ocrx_word' id='word_1_8' title='bbox 153 656 348 732; x_wconf 75' lang='lat' dir='ltr'><strong>Omnipotens</strong></span> <span class='ocrx_word' id='word_1_9' title='bbox 361 656 537 732; x_wconf 79' lang='lat' dir='ltr'><strong>sempiterne</strong></span> <span class='ocrx_word' id='word_1_10' title='bbox 551 657 642 728; x_wconf 90' lang='lat' dir='ltr'><strong>Deus,</strong></span> <span class='ocrx_word' id='word_1_11' title='bbox 656 656 710 732; x_wconf 93' lang='lat' dir='ltr'><strong>qui</strong></span> <span class='ocrx_word' id='word_1_12' title='bbox 729 656 800 713; x_wconf 85' lang='lat' dir='ltr'><strong>facis</strong></span> <span class='ocrx_word' id='word_1_13' title='bbox 818 656 966 713; x_wconf 87' lang='lat' dir='ltr'><strong>mirabilia</strong></span> <span class='ocrx_word' id='word_1_14' title='bbox 978 676 1085 733; x_wconf 86' lang='lat' dir='ltr'><strong>magna</strong></span> <span class='ocrx_word' id='word_1_15' title='bbox 1098 657 1197 730; x_wconf 82' lang='lat' dir='ltr'><strong>solus3</strong></span> <span class='ocrx_word' id='word_1_16' title='bbox 1219 677 1292 733; x_wconf 87' lang='lat' dir='ltr'><strong>prae-</strong></span> 
     </span>
     <span class='ocr_line' id='line_1_5' title="bbox 91 736 1292 813; baseline 0.001 -19"><span class='ocrx_word' id='word_1_17' title='bbox 91 736 182 794; x_wconf 89' lang='lat' dir='ltr'><strong>tende</strong></span> <span class='ocrx_word' id='word_1_18' title='bbox 196 757 283 813; x_wconf 84' lang='lat' dir='ltr'><strong>super</strong></span> <span class='ocrx_word' id='word_1_19' title='bbox 302 737 446 794; x_wconf 88' lang='lat' dir='ltr'><strong>famulum</strong></span> <span class='ocrx_word' id='word_1_20' title='bbox 466 744 554 794; x_wconf 91' lang='lat' dir='ltr'><strong>tuum</strong></span> <span class='ocrx_word' id='word_1_21' title='bbox 574 737 824 812; x_wconf 87' lang='lat' dir='ltr'><strong>archiepiscopum</strong></span> <span class='ocrx_word' id='word_1_22' title='bbox 846 743 982 794; x_wconf 83' lang='lat' dir='ltr'><strong>nostrum</strong></span> <span class='ocrx_word' id='word_1_23' title='bbox 1000 743 1031 795; x_wconf 93' lang='lat' dir='ltr'><strong>et</strong></span> <span class='ocrx_word' id='word_1_24' title='bbox 1049 757 1136 813; x_wconf 87' lang='lat' dir='ltr'><strong>super</strong></span> <span class='ocrx_word' id='word_1_25' title='bbox 1156 745 1292 795; x_wconf 88' lang='lat' dir='ltr'><strong>cunctam</strong></span> 
     </span>
     <span class='ocr_line' id='line_1_6' title="bbox 91 817 1294 894; baseline 0.001 -19"><span class='ocrx_word' id='word_1_26' title='bbox 91 818 348 894; x_wconf 73' lang='lat' dir='ltr'><strong>congregationem</strong></span> <span class='ocrx_word' id='word_1_27' title='bbox 361 818 406 875; x_wconf 92' lang='lat' dir='ltr'><strong>illi</strong></span> <span class='ocrx_word' id='word_1_28' title='bbox 421 818 605 875; x_wconf 86' lang='lat' dir='ltr'><strong>commissam</strong></span> <span class='ocrx_word' id='word_1_29' title='bbox 619 817 764 893; x_wconf 86' lang='lat' dir='ltr'><strong>Spiritum</strong></span> <span class='ocrx_word' id='word_1_30' title='bbox 785 819 887 894; x_wconf 86' lang='lat' dir='ltr'><strong>gratiae</strong></span> <span class='ocrx_word' id='word_1_31' title='bbox 906 818 1060 890; x_wconf 87' lang='lat' dir='ltr'><strong>salutaris;</strong></span> <span class='ocrx_word' id='word_1_32' title='bbox 1080 825 1111 875; x_wconf 92' lang='lat' dir='ltr'><strong>et</strong></span> <span class='ocrx_word' id='word_1_33' title='bbox 1123 824 1159 876; x_wconf 91' lang='lat' dir='ltr'><strong>ut</strong></span> <span class='ocrx_word' id='word_1_34' title='bbox 1172 820 1205 875; x_wconf 93' lang='lat' dir='ltr'><strong>in</strong></span> <span class='ocrx_word' id='word_1_35' title='bbox 1218 820 1294 876; x_wconf 84' lang='lat' dir='ltr'><strong>veri-</strong></span> 
     </span>
     <span class='ocr_line' id='line_1_7' title="bbox 91 899 1292 976; baseline 0.002 -20"><span class='ocrx_word' id='word_1_36' title='bbox 91 905 155 956; x_wconf 85' lang='lat' dir='ltr'><strong>tate</strong></span> <span class='ocrx_word' id='word_1_37' title='bbox 175 899 233 955; x_wconf 86' lang='lat' dir='ltr'><strong>tibi</strong></span> <span class='ocrx_word' id='word_1_38' title='bbox 253 899 460 975; x_wconf 77' lang='lat' dir='ltr'><strong>complaceant,</strong></span> <span class='ocrx_word' id='word_1_39' title='bbox 475 906 650 976; x_wconf 91' lang='lat' dir='ltr'><strong>perpetuum</strong></span> <span class='ocrx_word' id='word_1_40' title='bbox 664 899 706 956; x_wconf 90' lang='lat' dir='ltr'><strong>eis</strong></span> <span class='ocrx_word' id='word_1_41' title='bbox 726 919 821 956; x_wconf 91' lang='lat' dir='ltr'><strong>rorem</strong></span> <span class='ocrx_word' id='word_1_42' title='bbox 845 904 905 956; x_wconf 87' lang='lat' dir='ltr'><strong>tuae</strong></span> <span class='ocrx_word' id='word_1_43' title='bbox 926 899 1138 958; x_wconf 82' lang='lat' dir='ltr'><strong>benedictionis</strong></span> <span class='ocrx_word' id='word_1_44' title='bbox 1161 899 1292 958; x_wconf 92' lang='lat' dir='ltr'><strong>infunde.</strong></span> 
     </span>
     <span class='ocr_line' id='line_1_8' title="bbox 93 979 337 1039; baseline 0.004 -2"><span class='ocrx_word' id='word_1_45' title='bbox 93 979 153 1037; x_wconf 90' lang='lat' dir='ltr'><strong>Per</strong></span> <span class='ocrx_word' id='word_1_46' title='bbox 166 980 337 1039; x_wconf 90' lang='lat' dir='ltr'><strong>Dominum.</strong></span> 
     </span>
    </p>
   </div>
   <div class='ocr_carea' id='block_1_3' title="bbox 93 1075 1296 1376">
    <p class='ocr_par' dir='ltr' id='par_1_3' title="bbox 154 1075 274 1133">
     <span class='ocr_line' id='line_1_9' title="bbox 154 1075 274 1133; baseline -0.008 0"><span class='ocrx_word' id='word_1_47' title='bbox 154 1075 274 1133; x_wconf 79' lang='lat' dir='ltr'><strong>Secreta.</strong></span> 
     </span>
    </p>

    <p class='ocr_par' dir='ltr' id='par_1_4' title="bbox 93 1156 1296 1376">
     <span class='ocr_line' id='line_1_10' title="bbox 155 1156 1296 1233; baseline 0.001 -20"><span class='ocrx_word' id='word_1_48' title='bbox 155 1156 288 1228; x_wconf 81' lang='lat' dir='ltr'><strong>Hostias,</strong></span> <span class='ocrx_word' id='word_1_49' title='bbox 300 1176 474 1232; x_wconf 86' lang='lat' dir='ltr'><strong>quaesumus,</strong></span> <span class='ocrx_word' id='word_1_50' title='bbox 491 1156 628 1228; x_wconf 83' lang='lat' dir='ltr'><strong>Domine,</strong></span> <span class='ocrx_word' id='word_1_51' title='bbox 640 1156 818 1214; x_wconf 88' lang='lat' dir='ltr'><strong>famulorum</strong></span> <span class='ocrx_word' id='word_1_52' title='bbox 832 1163 953 1214; x_wconf 85' lang='lat' dir='ltr'><strong>tuorum</strong></span> <span class='ocrx_word' id='word_1_53' title='bbox 967 1157 1099 1233; x_wconf 85' lang='lat' dir='ltr'><strong>placatus</strong></span> <span class='ocrx_word' id='word_1_54' title='bbox 1112 1157 1233 1215; x_wconf 91' lang='lat' dir='ltr'><strong>intende</strong></span> <span class='ocrx_word' id='word_1_55' title='bbox 1243 1177 1252 1230; x_wconf 80' lang='lat'>3</span> <span class='ocrx_word' id='word_1_56' title='bbox 1265 1164 1296 1214; x_wconf 91' lang='lat' dir='ltr'><strong>et</strong></span> 
     </span>
     <span class='ocr_line' id='line_1_11' title="bbox 93 1237 1296 1315; baseline 0.002 -21"><span class='ocrx_word' id='word_1_57' title='bbox 93 1257 168 1314; x_wconf 85' lang='lat' dir='ltr'><strong>quas</strong></span> <span class='ocrx_word' id='word_1_58' title='bbox 181 1237 214 1293; x_wconf 91' lang='lat' dir='ltr'><strong>in</strong></span> <span class='ocrx_word' id='word_1_59' title='bbox 228 1237 368 1294; x_wconf 88' lang='lat' dir='ltr'><strong>honorem</strong></span> <span class='ocrx_word' id='word_1_60' title='bbox 382 1238 510 1294; x_wconf 92' lang='lat' dir='ltr'><strong>nominis</strong></span> <span class='ocrx_word' id='word_1_61' title='bbox 524 1237 570 1294; x_wconf 90' lang='lat' dir='ltr'><strong>tui</strong></span> <span class='ocrx_word' id='word_1_62' title='bbox 583 1237 689 1295; x_wconf 88' lang='lat' dir='ltr'><strong>devota</strong></span> <span class='ocrx_word' id='word_1_63' title='bbox 702 1244 801 1294; x_wconf 87' lang='lat' dir='ltr'><strong>mente</strong></span> <span class='ocrx_word' id='word_1_64' title='bbox 822 1256 874 1314; x_wconf 92' lang='lat' dir='ltr'><strong>pro</strong></span> <span class='ocrx_word' id='word_1_65' title='bbox 895 1239 938 1295; x_wconf 90' lang='lat' dir='ltr'><strong>eis</strong></span> <span class='ocrx_word' id='word_1_66' title='bbox 958 1238 1143 1309; x_wconf 83' lang='lat' dir='ltr'><strong>celebramus,</strong></span> <span class='ocrx_word' id='word_1_67' title='bbox 1157 1239 1296 1315; x_wconf 88' lang='lat' dir='ltr'><strong>proficere</strong></span> 
     </span>
     <span class='ocr_line' id='line_1_12' title="bbox 93 1318 799 1376; baseline -0.003 0"><span class='ocrx_word' id='word_1_68' title='bbox 93 1318 153 1376; x_wconf 87' lang='lat' dir='ltr'><strong>sibi</strong></span> <span class='ocrx_word' id='word_1_69' title='bbox 166 1318 298 1376; x_wconf 89' lang='lat' dir='ltr'><strong>sentiant</strong></span> <span class='ocrx_word' id='word_1_70' title='bbox 310 1318 348 1375; x_wconf 91' lang='lat' dir='ltr'><strong>ad</strong></span> <span class='ocrx_word' id='word_1_71' title='bbox 361 1318 512 1376; x_wconf 85' lang='lat' dir='ltr'><strong>medelam.</strong></span> <span class='ocrx_word' id='word_1_72' title='bbox 556 1318 615 1375; x_wconf 89' lang='lat' dir='ltr'><strong>Per</strong></span> <span class='ocrx_word' id='word_1_73' title='bbox 629 1319 799 1376; x_wconf 90' lang='lat' dir='ltr'><strong>Dominum.</strong></span> 
     </span>
    </p>
   </div>
   <div class='ocr_carea' id='block_1_4' title="bbox 95 1416 1296 1655">
    <p class='ocr_par' dir='ltr' id='par_1_5' title="bbox 95 1416 1296 1655">
     <span class='ocr_line' id='line_1_13' title="bbox 156 1416 398 1474; baseline -0.004 0"><span class='ocrx_word' id='word_1_74' title='bbox 156 1416 398 1474; x_wconf 81' lang='lat' dir='ltr'><strong>Poatcommuaio.</strong></span> 
     </span>
     <span class='ocr_line' id='line_1_14' title="bbox 158 1496 1296 1574; baseline 0 -20"><span class='ocrx_word' id='word_1_75' title='bbox 158 1498 239 1567; x_wconf 81' lang='lat' dir='ltr'><strong>Quos</strong></span> <span class='ocrx_word' id='word_1_76' title='bbox 260 1497 368 1554; x_wconf 87' lang='lat' dir='ltr'><strong>caelesti</strong></span> <span class='ocrx_word' id='word_1_77' title='bbox 388 1517 501 1554; x_wconf 88' lang='lat' dir='ltr'><strong>recreas</strong></span> <span class='ocrx_word' id='word_1_78' title='bbox 520 1517 650 1569; x_wconf 91' lang='lat' dir='ltr'><strong>munere,</strong></span> <span class='ocrx_word' id='word_1_79' title='bbox 666 1504 808 1573; x_wconf 86' lang='lat' dir='ltr'><strong>perpetuo</strong></span> <span class='ocrx_word' id='word_1_80' title='bbox 826 1497 964 1569; x_wconf 90' lang='lat' dir='ltr'><strong>Domine,</strong></span> <span class='ocrx_word' id='word_1_81' title='bbox 980 1496 1120 1554; x_wconf 88' lang='lat' dir='ltr'><strong>comitare</strong></span> <span class='ocrx_word' id='word_1_82' title='bbox 1143 1497 1279 1574; x_wconf 88' lang='lat' dir='ltr'><strong>praesidio</strong></span> <span class='ocrx_word' id='word_1_83' title='bbox 1288 1519 1296 1572; x_wconf 82' lang='lat'>3</span> 
     </span>
     <span class='ocr_line' id='line_1_15' title="bbox 95 1578 1296 1655; baseline 0.002 -20"><span class='ocrx_word' id='word_1_84' title='bbox 95 1583 127 1635; x_wconf 91' lang='lat' dir='ltr'><strong>et</strong></span> <span class='ocrx_word' id='word_1_85' title='bbox 141 1598 214 1655; x_wconf 91' lang='lat' dir='ltr'><strong>quos</strong></span> <span class='ocrx_word' id='word_1_86' title='bbox 228 1579 327 1636; x_wconf 89' lang='lat' dir='ltr'><strong>fovere</strong></span> <span class='ocrx_word' id='word_1_87' title='bbox 340 1598 401 1635; x_wconf 93' lang='lat' dir='ltr'><strong>non</strong></span> <span class='ocrx_word' id='word_1_88' title='bbox 415 1579 532 1649; x_wconf 89' lang='lat' dir='ltr'><strong>desinis,</strong></span> <span class='ocrx_word' id='word_1_89' title='bbox 547 1578 650 1655; x_wconf 87' lang='lat' dir='ltr'><strong>dignos</strong></span> <span class='ocrx_word' id='word_1_90' title='bbox 663 1579 728 1636; x_wconf 88' lang='lat' dir='ltr'><strong>fieri</strong></span> <span class='ocrx_word' id='word_1_91' title='bbox 746 1578 924 1654; x_wconf 87' lang='lat' dir='ltr'><strong>sempiterna</strong></span> <span class='ocrx_word' id='word_1_92' title='bbox 943 1578 1143 1654; x_wconf 86' lang='lat' dir='ltr'><strong>redemptione</strong></span> <span class='ocrx_word' id='word_1_93' title='bbox 1164 1580 1296 1637; x_wconf 88' lang='lat' dir='ltr'><strong>concede.</strong></span> 
     </span>
    </p>
   </div>
   <div class='ocr_carea' id='block_1_5' title="bbox 96 1659 163 1717">
    <p class='ocr_par' dir='ltr' id='par_1_6' title="bbox 96 1659 163 1717">
     <span class='ocr_line' id='line_1_16' title="bbox 96 1659 163 1717; baseline 0 -1"><span class='ocrx_word' id='word_1_94' title='bbox 96 1659 163 1717; x_wconf 92' lang='lat' dir='ltr'><strong>Per.</strong></span> 
     </span>
    </p>
   </div>
   <div class='ocr_carea' id='block_1_6' title="bbox 563 1843 828 1904">
    <p class='ocr_par' dir='ltr' id='par_1_7' title="bbox 563 1843 828 1904">
     <span class='ocr_line' id='line_1_17' title="bbox 563 1843 828 1904; baseline 0.008 -3"><span class='ocrx_word' id='word_1_95' title='bbox 563 1844 629 1903; x_wconf 83' lang='lat' dir='ltr'><strong>Pac</strong></span> <span class='ocrx_word' id='word_1_96' title='bbox 651 1843 828 1904; x_wconf 83' lang='lat' dir='ltr'><strong>Snnnrrrso.</strong></span> 
     </span>
    </p>
   </div>
   <div class='ocr_carea' id='block_1_7' title="bbox 76 1938 1300 2501">
    <p class='ocr_par' dir='ltr' id='par_1_8' title="bbox 159 1938 268 1998">
     <span class='ocr_line' id='line_1_18' title="bbox 159 1938 268 1998; baseline 0 0"><span class='ocrx_word' id='word_1_97' title='bbox 159 1938 268 1998; x_wconf 80' lang='lat' dir='ltr'><strong>Oratio.</strong></span> 
     </span>
    </p>

    <p class='ocr_par' dir='ltr' id='par_1_9' title="bbox 95 2019 1300 2338">
     <span class='ocr_line' id='line_1_19' title="bbox 158 2019 1298 2096; baseline 0 -19"><span class='ocrx_word' id='word_1_98' title='bbox 158 2020 250 2092; x_wconf 88' lang='lat' dir='ltr'><strong>Deus,</strong></span> <span class='ocrx_word' id='word_1_99' title='bbox 275 2019 328 2096; x_wconf 92' lang='lat' dir='ltr'><strong>qui</strong></span> <span class='ocrx_word' id='word_1_100' title='bbox 355 2040 385 2076; x_wconf 90' lang='lat' dir='ltr'><strong>es</strong></span> <span class='ocrx_word' id='word_1_101' title='bbox 407 2020 473 2076; x_wconf 88' lang='lat' dir='ltr'><strong>fons</strong></span> <span class='ocrx_word' id='word_1_102' title='bbox 497 2019 640 2076; x_wconf 88' lang='lat' dir='ltr'><strong>bonitatis</strong></span> <span class='ocrx_word' id='word_1_103' title='bbox 654 2024 685 2076; x_wconf 92' lang='lat' dir='ltr'><strong>et</strong></span> <span class='ocrx_word' id='word_1_104' title='bbox 708 2019 829 2095; x_wconf 84' lang='lat' dir='ltr'><strong>pietatis</strong></span> <span class='ocrx_word' id='word_1_105' title='bbox 852 2019 942 2095; x_wconf 86' lang='lat' dir='ltr'><strong>origo,</strong></span> <span class='ocrx_word' id='word_1_106' title='bbox 968 2019 1020 2095; x_wconf 91' lang='lat' dir='ltr'><strong>qui</strong></span> <span class='ocrx_word' id='word_1_107' title='bbox 1042 2026 1212 2095; x_wconf 88' lang='lat' dir='ltr'><strong>peccantem</strong></span> <span class='ocrx_word' id='word_1_108' title='bbox 1237 2041 1298 2078; x_wconf 92' lang='lat' dir='ltr'><strong>non</strong></span> 
     </span>
     <span class='ocr_line' id='line_1_20' title="bbox 95 2100 1300 2177; baseline 0 -18"><span class='ocrx_word' id='word_1_109' title='bbox 95 2101 201 2160; x_wconf 86' lang='lat' dir='ltr'><strong>statim</strong></span> <span class='ocrx_word' id='word_1_110' title='bbox 210 2101 357 2177; x_wconf 88' lang='lat' dir='ltr'><strong>judicias;</strong></span> <span class='ocrx_word' id='word_1_111' title='bbox 378 2101 429 2157; x_wconf 90' lang='lat' dir='ltr'><strong>sed</strong></span> <span class='ocrx_word' id='word_1_112' title='bbox 443 2101 646 2176; x_wconf 86' lang='lat' dir='ltr'><strong>paenitentiam</strong></span> <span class='ocrx_word' id='word_1_113' title='bbox 664 2100 820 2157; x_wconf 87' lang='lat' dir='ltr'><strong>miseratus</strong></span> <span class='ocrx_word' id='word_1_114' title='bbox 841 2106 985 2174; x_wconf 87' lang='lat' dir='ltr'><strong>expectas,</strong></span> <span class='ocrx_word' id='word_1_115' title='bbox 1001 2107 1031 2157; x_wconf 90' lang='lat' dir='ltr'><strong>te</strong></span> <span class='ocrx_word' id='word_1_116' title='bbox 1050 2120 1157 2176; x_wconf 85' lang='lat' dir='ltr'><strong>quaeso,</strong></span> <span class='ocrx_word' id='word_1_117' title='bbox 1172 2107 1208 2158; x_wconf 88' lang='lat' dir='ltr'><strong>ut</strong></span> <span class='ocrx_word' id='word_1_118' title='bbox 1231 2103 1300 2159; x_wconf 89' lang='lat' dir='ltr'><strong>faci-</strong></span> 
     </span>
     <span class='ocr_line' id='line_1_21' title="bbox 96 2180 1296 2257; baseline 0 -18"><span class='ocrx_word' id='word_1_119' title='bbox 96 2201 205 2240; x_wconf 92' lang='lat' dir='ltr'><strong>norum</strong></span> <span class='ocrx_word' id='word_1_120' title='bbox 227 2201 360 2239; x_wconf 91' lang='lat' dir='ltr'><strong>meorum</strong></span> <span class='ocrx_word' id='word_1_121' title='bbox 384 2180 532 2257; x_wconf 88' lang='lat' dir='ltr'><strong>squalores</strong></span> <span class='ocrx_word' id='word_1_122' title='bbox 555 2182 712 2256; x_wconf 84' lang='lat' dir='ltr'><strong>abstergas,</strong></span> <span class='ocrx_word' id='word_1_123' title='bbox 736 2187 766 2237; x_wconf 93' lang='lat' dir='ltr'><strong>et</strong></span> <span class='ocrx_word' id='word_1_124' title='bbox 787 2200 833 2236; x_wconf 90' lang='lat' dir='ltr'><strong>me</strong></span> <span class='ocrx_word' id='word_1_125' title='bbox 854 2181 892 2236; x_wconf 89' lang='lat' dir='ltr'><strong>ad</strong></span> <span class='ocrx_word' id='word_1_126' title='bbox 913 2181 1110 2256; x_wconf 87' lang='lat' dir='ltr'><strong>peragendum</strong></span> <span class='ocrx_word' id='word_1_127' title='bbox 1131 2182 1296 2257; x_wconf 87' lang='lat' dir='ltr'><strong>injunctum</strong></span> 
     </span>
     <span class='ocr_line' id='line_1_22' title="bbox 96 2261 1299 2338; baseline -0.001 -18"><span class='ocrx_word' id='word_1_128' title='bbox 96 2263 225 2320; x_wconf 88' lang='lat' dir='ltr'><strong>officium</strong></span> <span class='ocrx_word' id='word_1_129' title='bbox 240 2263 363 2338; x_wconf 89' lang='lat' dir='ltr'><strong>dignum</strong></span> <span class='ocrx_word' id='word_1_130' title='bbox 376 2262 500 2334; x_wconf 71' lang='lat' dir='ltr'><strong>efficias,</strong></span> <span class='ocrx_word' id='word_1_131' title='bbox 522 2268 551 2317; x_wconf 89' lang='lat' dir='ltr'><strong>et</strong></span> <span class='ocrx_word' id='word_1_132' title='bbox 566 2262 617 2337; x_wconf 89' lang='lat' dir='ltr'><strong>qui</strong></span> <span class='ocrx_word' id='word_1_133' title='bbox 631 2261 733 2318; x_wconf 83' lang='lat' dir='ltr'><strong>altaris</strong></span> <span class='ocrx_word' id='word_1_134' title='bbox 746 2261 793 2317; x_wconf 89' lang='lat' dir='ltr'><strong>tui</strong></span> <span class='ocrx_word' id='word_1_135' title='bbox 807 2261 1004 2318; x_wconf 87' lang='lat' dir='ltr'><strong>ministerium</strong></span> <span class='ocrx_word' id='word_1_136' title='bbox 1025 2262 1139 2338; x_wconf 86' lang='lat' dir='ltr'><strong>suscepi</strong></span> <span class='ocrx_word' id='word_1_137' title='bbox 1152 2263 1299 2338; x_wconf 76' lang='lat' dir='ltr'><strong>indignae,</strong></span> 
     </span>
    </p>

    <p class='ocr_par' dir='ltr' id='par_1_10' title="bbox 76 2339 1300 2501">
     <span class='ocr_line' id='line_1_23' title="bbox 76 2339 1300 2420; baseline -0.001 -19"><span class='ocrx_word' id='word_1_138' title='bbox 76 2339 77 2342; x_wconf 28' lang='lat'>¹</span> <span class='ocrx_word' id='word_1_139' title='bbox 96 2363 152 2419; x_wconf 90' lang='lat' dir='ltr'><strong>ago</strong></span> <span class='ocrx_word' id='word_1_140' title='bbox 176 2343 318 2419; x_wconf 88' lang='lat' dir='ltr'><strong>trepidus,</strong></span> <span class='ocrx_word' id='word_1_141' title='bbox 337 2343 375 2399; x_wconf 89' lang='lat' dir='ltr'><strong>ad</strong></span> <span class='ocrx_word' id='word_1_142' title='bbox 396 2343 428 2398; x_wconf 92' lang='lat' dir='ltr'><strong>id</strong></span> <span class='ocrx_word' id='word_1_143' title='bbox 451 2343 648 2418; x_wconf 88' lang='lat' dir='ltr'><strong>peragendum</strong></span> <span class='ocrx_word' id='word_1_144' title='bbox 673 2343 778 2398; x_wconf 90' lang='lat' dir='ltr'><strong>reddar</strong></span> <span class='ocrx_word' id='word_1_145' title='bbox 797 2349 942 2414; x_wconf 89' lang='lat' dir='ltr'><strong>strenuus,</strong></span> <span class='ocrx_word' id='word_1_146' title='bbox 958 2348 988 2399; x_wconf 90' lang='lat' dir='ltr'><strong>et</strong></span> <span class='ocrx_word' id='word_1_147' title='bbox 1001 2342 1081 2399; x_wconf 88' lang='lat' dir='ltr'><strong>inter</strong></span> <span class='ocrx_word' id='word_1_148' title='bbox 1102 2362 1150 2400; x_wconf 90' lang='lat' dir='ltr'><strong>eos</strong></span> <span class='ocrx_word' id='word_1_149' title='bbox 1172 2344 1224 2420; x_wconf 90' lang='lat' dir='ltr'><strong>qui</strong></span> <span class='ocrx_word' id='word_1_150' title='bbox 1244 2345 1300 2400; x_wconf 90' lang='lat' dir='ltr'><strong>tibi</strong></span> 
     </span>
     <span class='ocr_line' id='line_1_24' title="bbox 96 2421 727 2501; baseline -0.002 -20"><span class='ocrx_word' id='word_1_151' title='bbox 96 2424 274 2501; x_wconf 88' lang='lat' dir='ltr'><strong>placuerunt</strong></span> <span class='ocrx_word' id='word_1_152' title='bbox 286 2423 422 2481; x_wconf 88' lang='lat' dir='ltr'><strong>inveniar</strong></span> <span class='ocrx_word' id='word_1_153' title='bbox 431 2424 620 2498; x_wconf 81' lang='lat' dir='ltr'><strong>justificatus,</strong></span> <span class='ocrx_word' id='word_1_154' title='bbox 662 2421 727 2480; x_wconf 85' lang='lat' dir='ltr'><strong>Per.</strong></span> 
     </span>
    </p>
   </div>
   <div class='ocr_carea' id='block_1_8' title="bbox 96 2521 1303 2842">
    <p class='ocr_par' dir='ltr' id='par_1_11' title="bbox 96 2521 1303 2842">
     <span class='ocr_line' id='line_1_25' title="bbox 159 2521 1302 2678; baseline -0.001 -18"><span class='ocrx_word' id='word_1_155' title='bbox 159 2521 302 2660; x_wconf 62' lang='lat' dir='ltr'><strong>gllllllii</strong></span> <span class='ocrx_word' id='word_1_156' title='bbox 316 2602 475 2678; x_wconf 89' lang='lat' dir='ltr'><strong>praesentis,</strong></span> <span class='ocrx_word' id='word_1_157' title='bbox 490 2601 626 2675; x_wconf 90' lang='lat' dir='ltr'><strong>Domine,</strong></span> <span class='ocrx_word' id='word_1_158' title='bbox 643 2601 753 2659; x_wconf 85' lang='lat' dir='ltr'><strong>oblatio</strong></span> <span class='ocrx_word' id='word_1_159' title='bbox 766 2620 831 2658; x_wconf 89' lang='lat' dir='ltr'><strong>mea</strong></span> <span class='ocrx_word' id='word_1_160' title='bbox 848 2604 992 2675; x_wconf 84' lang='lat' dir='ltr'><strong>expurget</strong></span> <span class='ocrx_word' id='word_1_161' title='bbox 1005 2600 1142 2671; x_wconf 87' lang='lat' dir='ltr'><strong>facinora,</strong></span> <span class='ocrx_word' id='word_1_162' title='bbox 1157 2620 1210 2677; x_wconf 86' lang='lat' dir='ltr'><strong>per</strong></span> <span class='ocrx_word' id='word_1_163' title='bbox 1223 2604 1302 2678; x_wconf 92' lang='lat' dir='ltr'><strong>quod</strong></span> 
     </span>
     <span class='ocr_line' id='line_1_26' title="bbox 98 2681 1303 2758; baseline -0.001 -18"><span class='ocrx_word' id='word_1_164' title='bbox 98 2683 195 2741; x_wconf 85' lang='lat' dir='ltr'><strong>totius</strong></span> <span class='ocrx_word' id='word_1_165' title='bbox 214 2682 319 2740; x_wconf 91' lang='lat' dir='ltr'><strong>mundi</strong></span> <span class='ocrx_word' id='word_1_166' title='bbox 341 2683 463 2739; x_wconf 86' lang='lat' dir='ltr'><strong>voluisti</strong></span> <span class='ocrx_word' id='word_1_167' title='bbox 484 2683 612 2739; x_wconf 87' lang='lat' dir='ltr'><strong>relaxari</strong></span> <span class='ocrx_word' id='word_1_168' title='bbox 636 2689 761 2758; x_wconf 85' lang='lat' dir='ltr'><strong>peccata,</strong></span> <span class='ocrx_word' id='word_1_169' title='bbox 777 2681 916 2757; x_wconf 88' lang='lat' dir='ltr'><strong>illiusque</strong></span> <span class='ocrx_word' id='word_1_170' title='bbox 940 2681 1175 2757; x_wconf 87' lang='lat' dir='ltr'><strong>frequentatione</strong></span> <span class='ocrx_word' id='word_1_171' title='bbox 1195 2682 1303 2740; x_wconf 88' lang='lat' dir='ltr'><strong>efficiar</strong></span> 
     </span>
     <span class='ocr_line' id='line_1_27' title="bbox 96 2761 1159 2842; baseline -0.003 -20"><span class='ocrx_word' id='word_1_172' title='bbox 96 2765 215 2842; x_wconf 67' lang='lat' dir='ltr'><strong>dignus</strong></span> <span class='ocrx_word' id='word_1_173' title='bbox 231 2765 309 2840; x_wconf 93' lang='lat' dir='ltr'><strong>quod</strong></span> <span class='ocrx_word' id='word_1_174' title='bbox 323 2771 358 2820; x_wconf 92' lang='lat' dir='ltr'><strong>ut</strong></span> <span class='ocrx_word' id='word_1_175' title='bbox 371 2765 589 2838; x_wconf 87' lang='lat' dir='ltr'><strong>frequentarem</strong></span> <span class='ocrx_word' id='word_1_176' title='bbox 602 2764 714 2839; x_wconf 87' lang='lat' dir='ltr'><strong>suscepi</strong></span> <span class='ocrx_word' id='word_1_177' title='bbox 727 2762 873 2840; x_wconf 88' lang='lat' dir='ltr'><strong>indignus.</strong></span> <span class='ocrx_word' id='word_1_178' title='bbox 917 2762 976 2818; x_wconf 89' lang='lat' dir='ltr'><strong>Per</strong></span> <span class='ocrx_word' id='word_1_179' title='bbox 989 2761 1159 2820; x_wconf 89' lang='lat' dir='ltr'><strong>Dominum.</strong></span> 
     </span>
    </p>
   </div>
   <div class='ocr_carea' id='block_1_9' title="bbox 161 2860 402 2919">
    <p class='ocr_par' dir='ltr' id='par_1_12' title="bbox 161 2860 402 2919">
     <span class='ocr_line' id='line_1_28' title="bbox 161 2860 402 2919; baseline -0.008 -1"><span class='ocrx_word' id='word_1_180' title='bbox 161 2860 402 2919; x_wconf 82' lang='lat' dir='ltr'><strong>Poatcornmuaio.</strong></span> 
     </span>
    </p>
   </div>
   <div class='ocr_carea' id='block_1_10' title="bbox 98 2939 1303 3100">
    <p class='ocr_par' dir='ltr' id='par_1_13' title="bbox 98 2939 1303 3100">
     <span class='ocr_line' id='line_1_29' title="bbox 162 2939 1303 3018; baseline 0 -20"><span class='ocrx_word' id='word_1_181' title='bbox 162 2943 274 3018; x_wconf 84' lang='lat' dir='ltr'><strong>Hujus,</strong></span> <span class='ocrx_word' id='word_1_182' title='bbox 300 2941 436 3011; x_wconf 87' lang='lat' dir='ltr'><strong>Domine,</strong></span> <span class='ocrx_word' id='word_1_183' title='bbox 462 2941 610 3017; x_wconf 88' lang='lat' dir='ltr'><strong>perceptio</strong></span> <span class='ocrx_word' id='word_1_184' title='bbox 634 2939 810 2998; x_wconf 83' lang='lat' dir='ltr'><strong>sacramenti</strong></span> <span class='ocrx_word' id='word_1_185' title='bbox 837 2946 1023 3016; x_wconf 87' lang='lat' dir='ltr'><strong>peccatorum</strong></span> <span class='ocrx_word' id='word_1_186' title='bbox 1043 2940 1175 2998; x_wconf 87' lang='lat' dir='ltr'><strong>maculas</strong></span> <span class='ocrx_word' id='word_1_187' title='bbox 1196 2947 1303 3018; x_wconf 82' lang='lat' dir='ltr'><strong>tergat,</strong></span> 
     </span>
     <span class='ocr_line' id='line_1_30' title="bbox 98 3020 1167 3100; baseline -0.002 -19"><span class='ocrx_word' id='word_1_188' title='bbox 98 3030 131 3082; x_wconf 88' lang='lat' dir='ltr'><strong>et</strong></span> <span class='ocrx_word' id='word_1_189' title='bbox 145 3023 184 3080; x_wconf 85' lang='lat' dir='ltr'><strong>ad</strong></span> <span class='ocrx_word' id='word_1_190' title='bbox 197 3022 395 3100; x_wconf 90' lang='lat' dir='ltr'><strong>peragendum</strong></span> <span class='ocrx_word' id='word_1_191' title='bbox 408 3022 578 3097; x_wconf 86' lang='lat' dir='ltr'><strong>injunctum</strong></span> <span class='ocrx_word' id='word_1_192' title='bbox 592 3022 719 3078; x_wconf 89' lang='lat' dir='ltr'><strong>officium</strong></span> <span class='ocrx_word' id='word_1_193' title='bbox 734 3041 781 3077; x_wconf 91' lang='lat' dir='ltr'><strong>me</strong></span> <span class='ocrx_word' id='word_1_194' title='bbox 794 3021 933 3077; x_wconf 88' lang='lat' dir='ltr'><strong>idoneum</strong></span> <span class='ocrx_word' id='word_1_195' title='bbox 948 3020 1058 3077; x_wconf 92' lang='lat' dir='ltr'><strong>reddat.</strong></span> <span class='ocrx_word' id='word_1_196' title='bbox 1102 3020 1167 3080; x_wconf 89' lang='lat' dir='ltr'><strong>Per.</strong></span> 
     </span>
    </p>
   </div>
   <div class='ocr_carea' id='block_1_11' title="bbox 103 3284 1308 3758">
    <p class='ocr_par' dir='ltr' id='par_1_14' title="bbox 573 3284 838 3343">
     <span class='ocr_line' id='line_1_31' title="bbox 573 3284 838 3343; baseline 0.004 -1"><span class='ocrx_word' id='word_1_197' title='bbox 573 3284 640 3342; x_wconf 82' lang='lat' dir='ltr'><strong>Pac</strong></span> <span class='ocrx_word' id='word_1_198' title='bbox 661 3284 838 3343; x_wconf 82' lang='lat' dir='ltr'><strong>Sanrrrrso</strong></span> 
     </span>
    </p>

    <p class='ocr_par' dir='ltr' id='par_1_15' title="bbox 165 3376 274 3434">
     <span class='ocr_line' id='line_1_32' title="bbox 165 3376 274 3434; baseline 0 0"><span class='ocrx_word' id='word_1_199' title='bbox 165 3376 274 3434; x_wconf 79' lang='lat' dir='ltr'><strong>Oratio.</strong></span> 
     </span>
    </p>

    <p class='ocr_par' dir='ltr' id='par_1_16' title="bbox 103 3457 1308 3758">
     <span class='ocr_line' id='line_1_33' title="bbox 164 3457 1305 3539; baseline 0.004 -24"><span class='ocrx_word' id='word_1_200' title='bbox 164 3457 257 3529; x_wconf 89' lang='lat' dir='ltr'><strong>Deus,</strong></span> <span class='ocrx_word' id='word_1_201' title='bbox 274 3459 357 3533; x_wconf 89' lang='lat' dir='ltr'><strong>eujus</strong></span> <span class='ocrx_word' id='word_1_202' title='bbox 370 3458 522 3534; x_wconf 88' lang='lat' dir='ltr'><strong>proprium</strong></span> <span class='ocrx_word' id='word_1_203' title='bbox 543 3463 587 3515; x_wconf 89' lang='lat' dir='ltr'><strong>est</strong></span> <span class='ocrx_word' id='word_1_204' title='bbox 607 3477 733 3533; x_wconf 88' lang='lat' dir='ltr'><strong>parcere,</strong></span> <span class='ocrx_word' id='word_1_205' title='bbox 749 3458 870 3529; x_wconf 86' lang='lat' dir='ltr'><strong>salvare,</strong></span> <span class='ocrx_word' id='word_1_206' title='bbox 886 3464 916 3516; x_wconf 88' lang='lat' dir='ltr'><strong>et</strong></span> <span class='ocrx_word' id='word_1_207' title='bbox 936 3479 997 3516; x_wconf 94' lang='lat' dir='ltr'><strong>non</strong></span> <span class='ocrx_word' id='word_1_208' title='bbox 1016 3460 1144 3535; x_wconf 87' lang='lat' dir='ltr'><strong>perdere,</strong></span> <span class='ocrx_word' id='word_1_209' title='bbox 1160 3463 1305 3539; x_wconf 86' lang='lat' dir='ltr'><strong>propitius</strong></span> 
     </span>
     <span class='ocr_line' id='line_1_34' title="bbox 103 3538 1307 3618; baseline 0.005 -23"><span class='ocrx_word' id='word_1_210' title='bbox 103 3544 168 3596; x_wconf 90' lang='lat' dir='ltr'><strong>esto</strong></span> <span class='ocrx_word' id='word_1_211' title='bbox 200 3538 275 3595; x_wconf 88' lang='lat' dir='ltr'><strong>mihi</strong></span> <span class='ocrx_word' id='word_1_212' title='bbox 302 3539 457 3614; x_wconf 86' lang='lat' dir='ltr'><strong>peccatori,</strong></span> <span class='ocrx_word' id='word_1_213' title='bbox 485 3546 515 3596; x_wconf 90' lang='lat' dir='ltr'><strong>et</strong></span> <span class='ocrx_word' id='word_1_214' title='bbox 550 3539 690 3615; x_wconf 92' lang='lat' dir='ltr'><strong>quicquid</strong></span> <span class='ocrx_word' id='word_1_215' title='bbox 721 3539 889 3615; x_wconf 87' lang='lat' dir='ltr'><strong>iniquitatis</strong></span> <span class='ocrx_word' id='word_1_216' title='bbox 919 3540 967 3596; x_wconf 86' lang='lat' dir='ltr'><strong>vel</strong></span> <span class='ocrx_word' id='word_1_217' title='bbox 995 3541 1107 3616; x_wconf 87' lang='lat' dir='ltr'><strong>peccati</strong></span> <span class='ocrx_word' id='word_1_218' title='bbox 1138 3562 1190 3618; x_wconf 95' lang='lat' dir='ltr'><strong>ego</strong></span> <span class='ocrx_word' id='word_1_219' title='bbox 1217 3545 1307 3601; x_wconf 86' lang='lat' dir='ltr'><strong>miser</strong></span> 
     </span>
     <span class='ocr_line' id='line_1_35' title="bbox 103 3619 1308 3700; baseline 0.005 -24"><span class='ocrx_word' id='word_1_220' title='bbox 103 3619 289 3696; x_wconf 86' lang='lat' dir='ltr'><strong>negligenter</strong></span> <span class='ocrx_word' id='word_1_221' title='bbox 303 3619 443 3692; x_wconf 87' lang='lat' dir='ltr'><strong>commisi,</strong></span> <span class='ocrx_word' id='word_1_222' title='bbox 460 3626 494 3676; x_wconf 91' lang='lat' dir='ltr'><strong>tu</strong></span> <span class='ocrx_word' id='word_1_223' title='bbox 508 3621 584 3696; x_wconf 92' lang='lat' dir='ltr'><strong>pius,</strong></span> <span class='ocrx_word' id='word_1_224' title='bbox 600 3620 725 3695; x_wconf 87' lang='lat' dir='ltr'><strong>supplex</strong></span> <span class='ocrx_word' id='word_1_225' title='bbox 747 3621 874 3690; x_wconf 82' lang='lat' dir='ltr'><strong>obsecro,</strong></span> <span class='ocrx_word' id='word_1_226' title='bbox 896 3620 1055 3679; x_wconf 85' lang='lat' dir='ltr'><strong>clementer</strong></span> <span class='ocrx_word' id='word_1_227' title='bbox 1078 3622 1205 3700; x_wconf 88' lang='lat' dir='ltr'><strong>indulge.</strong></span> <span class='ocrx_word' id='word_1_228' title='bbox 1249 3624 1308 3682; x_wconf 90' lang='lat' dir='ltr'><strong>Per</strong></span> 
     </span>
     <span class='ocr_line' id='line_1_36' title="bbox 104 3700 278 3758; baseline 0.006 -3"><span class='ocrx_word' id='word_1_229' title='bbox 104 3700 278 3758; x_wconf 91' lang='lat' dir='ltr'><strong>Dominum.</strong></span> 
     </span>
    </p>
   </div>
   <div class='ocr_carea' id='block_1_12' title="bbox 166 3795 1308 3956">
    <p class='ocr_par' dir='ltr' id='par_1_17' title="bbox 166 3795 1308 3956">
     <span class='ocr_line' id='line_1_37' title="bbox 166 3795 288 3854; baseline -0.008 0"><span class='ocrx_word' id='word_1_230' title='bbox 166 3795 288 3854; x_wconf 80' lang='lat' dir='ltr'><strong>Secreto.</strong></span> 
     </span>
     <span class='ocr_line' id='line_1_38' title="bbox 167 3877 1308 3956; baseline 0.005 -23"><span class='ocrx_word' id='word_1_231' title='bbox 167 3877 226 3934; x_wconf 93' lang='lat' dir='ltr'><strong>Per</strong></span> <span class='ocrx_word' id='word_1_232' title='bbox 239 3877 337 3953; x_wconf 82' lang='lat' dir='ltr'><strong>hujus,</strong></span> <span class='ocrx_word' id='word_1_233' title='bbox 354 3898 528 3954; x_wconf 86' lang='lat' dir='ltr'><strong>quaesumus,</strong></span> <span class='ocrx_word' id='word_1_234' title='bbox 543 3879 671 3935; x_wconf 88' lang='lat' dir='ltr'><strong>Domine</strong></span> <span class='ocrx_word' id='word_1_235' title='bbox 686 3878 775 3950; x_wconf 88' lang='lat' dir='ltr'><strong>Deus,</strong></span> <span class='ocrx_word' id='word_1_236' title='bbox 791 3878 948 3936; x_wconf 88' lang='lat' dir='ltr'><strong>oblationis</strong></span> <span class='ocrx_word' id='word_1_237' title='bbox 962 3879 1106 3937; x_wconf 85' lang='lat' dir='ltr'><strong>virtutem</strong></span> <span class='ocrx_word' id='word_1_238' title='bbox 1123 3888 1308 3956; x_wconf 89' lang='lat' dir='ltr'><strong>peccatorum</strong></span> 
     </span>
    </p>
   </div>
   <div class='ocr_carea' id='block_1_13' title="bbox 104 3958 1307 4096">
    <p class='ocr_par' dir='ltr' id='par_1_18' title="bbox 104 3958 1307 4096">
     <span class='ocr_line' id='line_1_39' title="bbox 104 3958 1307 4096; baseline 0.005 -80"><span class='ocrx_word' id='word_1_239' title='bbox 104 3978 240 4096; x_wconf 67' lang='lat' dir='ltr'><strong>rIqeorIqm</strong></span> <span class='ocrx_word' id='word_1_240' title='bbox 249 3958 369 4050; x_wconf 66' lang='lat' dir='ltr'><strong>uincula</strong></span> <span class='ocrx_word' id='word_1_241' title='bbox 382 3960 541 4035; x_wconf 90' lang='lat' dir='ltr'><strong>disrumpe,</strong></span> <span class='ocrx_word' id='word_1_242' title='bbox 553 3966 583 4016; x_wconf 91' lang='lat' dir='ltr'><strong>et</strong></span> <span class='ocrx_word' id='word_1_243' title='bbox 594 3960 733 4036; x_wconf 88' lang='lat' dir='ltr'><strong>quicquid</strong></span> <span class='ocrx_word' id='word_1_244' title='bbox 744 3979 895 4036; x_wconf 86' lang='lat' dir='ltr'><strong>paenarum</strong></span> <span class='ocrx_word' id='word_1_245' title='bbox 905 3961 1000 4018; x_wconf 85' lang='lat' dir='ltr'><strong>merui</strong></span> <span class='ocrx_word' id='word_1_246' title='bbox 1010 3962 1187 4039; x_wconf 82' lang='lat' dir='ltr'><strong>propitiatus</strong></span> <span class='ocrx_word' id='word_1_247' title='bbox 1198 3970 1307 4022; x_wconf 84' lang='lat' dir='ltr'><strong>averte.</strong></span> 
     </span>
     <span class='ocr_line' id='line_1_40' title="bbox 133 4059 351 4096; baseline 0 0"><span class='ocrx_word' id='word_1_248' title='bbox 133 4060 165 4096; x_wconf 92' lang='lat' dir='ltr'><strong>er</strong></span> <span class='ocrx_word' id='word_1_249' title='bbox 210 4059 351 4096; x_wconf 84' lang='lat' dir='ltr'><strong>omrnum.</strong></span> 
     </span>
    </p>
   </div>
   <div class='ocr_carea' id='block_1_14' title="bbox 79 4139 1312 4458">
    <p class='ocr_par' dir='ltr' id='par_1_19' title="bbox 167 4139 410 4196">
     <span class='ocr_line' id='line_1_41' title="bbox 167 4139 410 4196; baseline 0.004 -1"><span class='ocrx_word' id='word_1_250' title='bbox 167 4139 410 4196; x_wconf 83' lang='lat' dir='ltr'><strong>Poatcommunio.</strong></span> 
     </span>
    </p>

    <p class='ocr_par' dir='ltr' id='par_1_20' title="bbox 79 4218 1312 4458">
     <span class='ocr_line' id='line_1_42' title="bbox 169 4218 1309 4298; baseline 0.002 -21"><span class='ocrx_word' id='word_1_251' title='bbox 169 4221 305 4296; x_wconf 85' lang='lat' dir='ltr'><strong>Sumpto,</strong></span> <span class='ocrx_word' id='word_1_252' title='bbox 334 4218 470 4292; x_wconf 89' lang='lat' dir='ltr'><strong>Domine,</strong></span> <span class='ocrx_word' id='word_1_253' title='bbox 500 4219 628 4295; x_wconf 86' lang='lat' dir='ltr'><strong>corporis</strong></span> <span class='ocrx_word' id='word_1_254' title='bbox 655 4225 686 4276; x_wconf 93' lang='lat' dir='ltr'><strong>et</strong></span> <span class='ocrx_word' id='word_1_255' title='bbox 713 4219 863 4296; x_wconf 86' lang='lat' dir='ltr'><strong>sanguinis</strong></span> <span class='ocrx_word' id='word_1_256' title='bbox 900 4220 947 4278; x_wconf 91' lang='lat' dir='ltr'><strong>tui</strong></span> <span class='ocrx_word' id='word_1_257' title='bbox 974 4227 1163 4290; x_wconf 87' lang='lat' dir='ltr'><strong>sacramento,</strong></span> <span class='ocrx_word' id='word_1_258' title='bbox 1192 4229 1309 4298; x_wconf 83' lang='lat' dir='ltr'><strong>praesta,</strong></span> 
     </span>
     <span class='ocr_line' id='line_1_43' title="bbox 107 4300 1312 4377; baseline 0.002 -19"><span class='ocrx_word' id='word_1_259' title='bbox 107 4320 288 4377; x_wconf 87' lang='lat' dir='ltr'><strong>quaesumus,</strong></span> <span class='ocrx_word' id='word_1_260' title='bbox 305 4306 340 4356; x_wconf 91' lang='lat' dir='ltr'><strong>ut</strong></span> <span class='ocrx_word' id='word_1_261' title='bbox 354 4300 408 4357; x_wconf 90' lang='lat' dir='ltr'><strong>hoc</strong></span> <span class='ocrx_word' id='word_1_262' title='bbox 422 4301 500 4357; x_wconf 90' lang='lat' dir='ltr'><strong>idem</strong></span> <span class='ocrx_word' id='word_1_263' title='bbox 514 4301 588 4357; x_wconf 90' lang='lat' dir='ltr'><strong>mihi</strong></span> <span class='ocrx_word' id='word_1_264' title='bbox 613 4300 758 4377; x_wconf 86' lang='lat' dir='ltr'><strong>peccatori</strong></span> <span class='ocrx_word' id='word_1_265' title='bbox 781 4301 916 4376; x_wconf 85' lang='lat' dir='ltr'><strong>proficiat</strong></span> <span class='ocrx_word' id='word_1_266' title='bbox 934 4301 1110 4372; x_wconf 77' lang='lat' dir='ltr'><strong>adveniam,</strong></span> <span class='ocrx_word' id='word_1_267' title='bbox 1127 4303 1312 4377; x_wconf 86' lang='lat' dir='ltr'><strong>quodetiam</strong></span> 
     </span>
     <span class='ocr_line' id='line_1_44' title="bbox 79 4380 906 4458; baseline -0.002 -18"><span class='ocrx_word' id='word_1_268' title='bbox 79 4397 81 4401; x_wconf 79' lang='grc'>’</span> <span class='ocrx_word' id='word_1_269' title='bbox 108 4383 166 4440; x_wconf 86' lang='lat' dir='ltr'><strong>toti</strong></span> <span class='ocrx_word' id='word_1_270' title='bbox 181 4381 295 4440; x_wconf 90' lang='lat' dir='ltr'><strong>mundo</strong></span> <span class='ocrx_word' id='word_1_271' title='bbox 309 4380 422 4458; x_wconf 83' lang='lat' dir='ltr'><strong>profuit</strong></span> <span class='ocrx_word' id='word_1_272' title='bbox 435 4383 472 4438; x_wconf 89' lang='lat' dir='ltr'><strong>ad</strong></span> <span class='ocrx_word' id='word_1_273' title='bbox 487 4382 620 4440; x_wconf 86' lang='lat' dir='ltr'><strong>salutem.</strong></span> <span class='ocrx_word' id='word_1_274' title='bbox 664 4382 722 4439; x_wconf 89' lang='lat' dir='ltr'><strong>Per</strong></span> <span class='ocrx_word' id='word_1_275' title='bbox 736 4380 906 4439; x_wconf 90' lang='lat' dir='ltr'><strong>Dominum.</strong></span> 
     </span>
    </p>
   </div>
   <div class='ocr_carea' id='block_1_15' title="bbox 0 0 1479 4904">
    <p class='ocr_par' dir='ltr' id='par_1_21' title="bbox 0 0 1479 4904">
     <span class='ocr_line' id='line_1_45' title="bbox 0 0 1479 4904; baseline 0 0"><span class='ocrx_word' id='word_1_276' title='bbox 0 0 1479 4904; x_wconf 95' lang='lat' dir='ltr'><strong> </strong></span> 
     </span>
    </p>
   </div>
  </div>
 </body>
</html>
