2910 4904
277 329 326 394 11
340 329 431 395 Festo
445 328 555 395 11111
575 329 731 414 71191111
745 336 774 396 11
788 329 963 415 Martyris.
1158 331 1223 395 156

84 496 181 556 Lectio
195 497 264 555 lidii
276 497 434 573 Sapientire
447 496 535 574 (Boot
569 542 575 554 .
592 498 621 555 li.
639 496 734 575 9-12).

85 578 214 636 Domine
243 578 324 635 Deus
351 598 442 650 meus,
469 579 608 636 exaltasti
635 598 722 654 super
749 584 858 635 terrem
885 578 1099 637 habitationem
1126 595 1222 636 meam

42 679 116 735 toque
130 661 171 716 od
185 666 216 716 et
230 659 347 716 laudem
362 659 457 716 dicam
470 660 585 717 nomini
597 669 659 731 tuo,
676 659 803 716 Domine
818 660 900 717 Deus
914 679 1004 717 meus.

85 752 138 810 Ad
151 751 318 811 Corinthios
333 751 363 830 (2
377 773 403 809 11.
423 752 468 822 17,
487 752 546 830 18).

85 833 224 891 Fratres:
259 833 319 902 Qui
345 832 498 910 gloriatur,
524 835 558 890 in
590 833 719 891 Domino
746 833 890 909 glorietur
915 853 1006 908 uoqcre
1038 834 1080 891 od
1113 838 1225 891 matam

43 915 164 972 xhibere
179 914 305 971 Christo.

85 994 182 1053 Lectio
196 995 264 1053 libri
277 994 435 1070 Sapientior
447 993 526 1072 (ciii.
545 994 593 1052 1-4
595 994 620 1073 )

85 1075 239 1152 Sapientia
250 1076 345 1132 vincit
360 1076 503 1132 malitiam
517 1095 607 1150 acque
621 1077 661 1132 111
674 1075 797 1132 electrix
810 1095 932 1151 operum
945 1075 1033 1133 illius.

84 1168 181 1226 Lectio
195 1167 263 1226 libri
276 1167 433 1243 Sapientior
446 1168 575 1245 (Ecclus.
592 1169 686 1226 11111111.
705 1168 762 1240 1-3,
779 1169 825 1240 13,
843 1168 909 1241 16).

86 1249 240 1326 Sapientia
253 1249 387 1306 laudabit
400 1249 529 1307 animam
542 1269 626 1307 suam
639 1269 730 1324 usque
743 1248 785 1307 col
796 1249 917 1306 honoris
930 1254 961 1306 et
973 1249 1084 1326 gratiae.

87 1410 206 1468 Diffusa
227 1417 272 1468 est
292 1411 388 1487 gratia
411 1410 443 1466 in
467 1410 554 1467 labiis
577 1411 657 1468 tuis:
685 1416 839 1487 propterea
860 1410 1014 1468 benedixit
1035 1417 1066 1467 te
1089 1411 1171 1468 Deus
1191 1407 1225 1469 in

42 1497 180 1548 eternum.

42 1572 62 1629 V.
88 1572 216 1647 Propter
238 1571 394 1629 veritatem
416 1577 447 1628 et
469 1573 728 1630 mansuetudinem
750 1577 781 1629 et
800 1572 969 1647 justitiam:
996 1577 1027 1630 et
1048 1572 1172 1630 deducet
1193 1577 1226 1629 te

42 1653 204 1711 nirabiliter
217 1653 411 1710 dexteratua
517 1649 523 1656 ’

89 1733 225 1792 01111111.

88 1815 192 1890 Specie
204 1821 258 1870 tua
271 1819 302 1870 ct
315 1813 514 1888 pulcritudine
526 1819 597 1871 tua:
617 1813 739 1871 intende
752 1833 899 1890 prospere,
913 1814 1037 1890 procede
1050 1820 1081 1872 et
1094 1832 1191 1890 regna.

42 1895 64 1952 V.
90 1895 219 1971 Propter
233 1895 397 1966 veritatem,
412 1904 447 1951 11
460 1914 559 1970 supro.

89 1987 226 2046 Gredolc.

87 2069 215 2145 Propter
236 2067 393 2124 veritatem
415 2071 446 2124 et
467 2068 725 2125 mansuetudinem
747 2074 777 2125 et
796 2068 967 2144 justitiam:
996 2073 1027 2126 et
1048 2068 1173 2126 deducet
1193 2071 1227 2125 te

42 2150 205 2208 nirabiliter
218 2148 340 2205 dextera
353 2155 413 2205 tua.

42 2233 64 2290 V.
89 2231 184 2301 Audi,
210 2229 280 2300 filia,
305 2229 416 2286 etvide
440 2235 471 2286 et
494 2229 605 2286 inclina
628 2249 730 2286 aurem
754 2235 855 2287 tuam:
885 2230 954 2305 quia
980 2229 1149 2307 concupivit
1171 2242 1230 2286 rex'

42 2313 154 2390 [peciem
169 2318 260 2368 tuam.

89 2391 225 2450 Grodal.
398 2462 400 2465 .

87 2474 183 2544 Audi,
206 2471 277 2543 filia,
300 2477 330 2529 et
351 2472 419 2529 vide
446 2477 477 2529 et
503 2471 615 2528 inclina
638 2491 740 2529 aurem
763 2478 866 2529 tuam:
894 2471 964 2548 quia
984 2472 1153 2548 concupivit
1172 2486 1226 2528 rex

42 2557 154 2632 peciem
171 2560 263 2610 tuam.

42 2637 63 2697 V.
89 2636 193 2712 Specie
206 2640 260 2690 tua
273 2639 304 2691 et
317 2633 536 2709 pulchritudine
550 2640 619 2690 tua:
635 2633 764 2706 intende,
779 2653 914 2710 prospere
927 2634 1049 2710 procede
1063 2638 1093 2690 et
1106 2651 1204 2709 regna.

89 2715 227 2775 Gradot.
264 2763 267 2769 .
377 2757 379 2761 «

88 2795 262 2873 Adjuvabit
283 2815 355 2868 eam,
376 2795 466 2867 Deus,
485 2794 573 2851 vultu
595 2815 647 2852 suo
657 2815 666 2867 3
690 2796 772 2852 Deus
795 2795 828 2852 in
849 2795 945 2852 medio
968 2796 1048 2872 ejus:
1072 2814 1133 2851 non
1153 2812 1228 2851 com·

42 2879 209 2937 novebitur.

42 2961 65 3018 V.
92 2958 242 3016 Fluminis
255 2957 383 3032 impetus
396 2956 529 3014 laetificat
542 2957 693 3014 civitatem
707 2957 782 3014 Dei:
799 2957 994 3014 sanctificavit·
1006 2955 1228 3014 tabernaculum

42 3060 117 3098 uum
131 3038 314 3097 Altissimua

92 3130 228 3190 Gradole.
272 3129 414 3186 Dilexisti
423 3130 590 3204 justitiam:
612 3135 643 3187 ct
656 3130 745 3187 odisti
758 3130 954 3205 iniquitatem.

42 3213 68 3271 V.
93 3213 257 3288 Propterea
270 3211 360 3267 unxit
372 3216 403 3266 te
418 3211 516 3268 Deus:
539 3211 621 3268 Deus
634 3216 705 3267 tuus
719 3211 782 3267 oleo
796 3212 915 3267 laetitiae.

93 3293 243 3368 Alleluya.
291 3291 320 3349 V.
348 3291 466 3349 Diffusa
479 3297 524 3348 est
536 3292 632 3368 gratia
645 3293 678 3348 in
699 3292 784 3349 labiis
804 3292 882 3349 tuis:
903 3297 1057 3368 propterea
1077 3289 1232 3349 benedixit

42 3379 67 3430 te
79 3374 160 3432 Deus
173 3375 207 3430 in
221 3379 371 3431 aeternum.

94 3455 242 3529 Alleluya.
291 3452 320 3511 V.
352 3453 453 3530 Specie
474 3459 527 3510 tua
548 3460 579 3511 et
600 3453 820 3529 pulchritudine
842 3458 912 3510 tua:
941 3453 1070 3525 intende,
1094 3471 1230 3530 prospere

42 3536 154 3609 procede
169 3540 200 3592 et
213 3553 310 3611 regna.

95 3616 242 3690 Alleluya.
292 3615 320 3673 V.
343 3614 483 3671 AEmulor
496 3615 575 3672 enim
588 3634 640 3671 vos
654 3615 712 3672 Dei
726 3615 929 3672 aemulatione:
950 3615 1092 3692 despondi
1104 3634 1156 3672 vos
1176 3610 1231 3670 unl

42 3695 108 3768 viro,
122 3697 269 3772 virginem
283 3701 393 3753 castam
408 3696 547 3752 exhibere
561 3695 687 3754 Christo.

96 3778 242 3852 Alleluya.
292 3777 320 3834 V.
344 3775 423 3833 Veni
438 3776 529 3833 electa
538 3796 611 3849 mea,
623 3782 654 3834 et
666 3796 774 3853 ponam
787 3783 817 3834 te
831 3776 863 3832 in
876 3776 1018 3835 thronum
1031 3774 1230 3851 meum:quia

42 3859 203 3935 concupivit
217 3877 269 3915 rex
285 3857 410 3932 speciem
424 3863 514 3914 tuam.

96 3951 259 4026 Sequentia.
302 3950 502 4023 Exsultemus,
517 3959 551 4006 11
564 3950 598 4007 ire
613 3949 777 4009 0111111111.

96 4048 130 4107 Si
142 4047 228 4123 infra
241 4047 488 4123 Septuopesimom
501 4048 629 4106 11111111.
675 4049 804 4107 Proetus.

98 4130 157 4198 Qui
170 4130 319 4186 seminant
332 4129 364 4185 in
378 4129 522 4186 lacrimis:
542 4130 573 4186 in
587 4129 694 4205 gaudio
708 4135 828 4187 metent.

47 4196 72 4256 V·
98 4211 212 4267 Euntes
225 4210 311 4285 ibant
325 4215 355 4266 et
368 4210 495 4267 flebant:
510 4211 661 4267 mittentes
678 4212 790 4268 semina
807 4230 867 4268 sua.

42 4275 69 4336 V·
95 4289 256 4348 Venientes
270 4296 369 4346 autem
382 4292 503 4348 venient
513 4311 580 4347 cum
591 4291 804 4348 exsultatione:
818 4290 1234 4367 po1tentesmanipulossucs.·

98 4369 253 4446 Sequeotio
266 4371 359 4427 111111
371 4371 533 4446 anoqetii.
576 4371 742 4430 Secundum
755 4372 929 4429 Motthoeum
942 4373 960 4444 (
961 4391 1024 4429 11111.
1043 4370 1137 4447 1-13).

100 4451 137 4508 In
149 4452 202 4509 illo
216 4457 356 4528 tempore,
371 4451 460 4510 Dixit
473 4453 494 4510 J
496 4472 561 4510 esus
572 4453 722 4530 discipulis
742 4454 802 4511 suis
823 4453 991 4530 parabolam
1012 4452 1088 4509 hanc
1098 4472 1107 4525 3
1127 4450 1237 4508 Simile·
