2910 4904
568 282 641 349 Pro
663 282 809 349 Femina
828 283 1040 370 Proequauto.
1107 350 1113 361 ,

552 450 637 507 Fecit
650 451 754 509 surdos
766 450 815 509 hic
828 452 939 524 audire,

552 530 657 588 Mutos
670 532 761 609 loqui,
775 533 894 590 claudos
906 534 960 604 ire,

552 611 594 669 Et
607 612 687 687 quod
701 619 745 670 est
758 614 880 671 virtutis
893 614 992 686 mirae,

593 692 754 750 Suscitaru't
768 701 906 751 mortuou

551 772 654 850 Hujus
667 774 768 831 laudes
782 776 961 847 attollamus,

550 854 615 912 Nec
629 875 648 912 a
663 855 750 912 leude
764 855 946 929 desistamus,

552 935 609 993 Sed
619 936 763 1009 jocundos
777 936 932 993 offeruruus

589 1016 628 1073 Ei
640 1017 763 1073 laudum
775 1017 915 1074 modulos.

356 1112 428 1169 Alia
441 1112 605 1188 Sequentia.

548 1193 661 1251 Chorus
674 1201 774 1250 noster
783 1194 972 1269 jocundetur,

546 1275 588 1331 Et
601 1275 707 1332 devote
721 1275 885 1331 celebretur

586 1356 608 1413 J
610 1355 733 1412 ohannis
744 1357 891 1413 memoria.

547 1436 642 1505 Quem
655 1443 815 1512 patronum
829 1438 1055 1513 congaudemuS,

545 1517 599 1574 Illi
612 1518 699 1593 digne
714 1523 920 1574 concantemus

587 1592 702 1655 Laudes
716 1604 746 1655 et
760 1600 913 1673 preconia.

545 1679 577 1735 N
579 1699 610 1736 os
624 1679 762 1735 condecet
775 1679 854 1735 huuc
869 1680 997 1753 laudare,

544 1761 648 1835 Atque
662 1779 776 1835 semper
789 1761 946 1836 implorare

586 1841 660 1916 Ejus
674 1840 845 1915 patrocinia.

545 1921 638 1997 Cujus
652 1922 715 1977 rita
728 1921 854 1997 gloriosa

545 2001 659 2058 Extitit
672 2001 847 2059 miraculosa

584 2082 652 2140 Sole
666 2082 724 2139 Dei
737 2084 839 2159 gratia.

543 2162 647 2221 Mutus
660 2164 730 2220 fecit
743 2164 792 2220 hio
806 2164 959 2240 loquentes

542 2247 646 2319 Atque
660 2245 763 2301 surdos
777 2245 938 2316 audientes,

584 2325 713 2401 Fugerit
727 2325 878 2382 diemouiu.

543 2405 620 2464 Oaeci
632 2407 737 2463 vident
751 2412 782 2463 et
797 2406 943 2475 luctantur,

542 2486 648 2544 Claudi
663 2493 795 2558 currunt,
811 2494 841 2544 ct
855 2499 997 2546 curantur

583 2568 698 2625 Cuncta
711 2569 808 2624 morbi
823 2587 937 2643 genera.

541 2649 601 2706 Ros
616 2650 759 2718 miranda,
773 2668 825 2704 rus
839 2650 1021 2707 confractum

540 2729 657 2786 Vinum
670 2729 800 2786 servarit
813 2730 959 2787 intactum

581 2811 654 2886 Ejus
668 2811 701 2866 in
710 2811 855 2867 convivio

541 2890 678 2967 Stupent,
698 2891 846 2947 mirantur
859 2892 990 2950 conviroe
1001 2913 1010 2965 5

540 2971 644 3043 Musti,
660 2972 733 3044 vini,
749 2979 779 3029 et
793 2971 911 3029 cerrisae

580 3052 650 3109 Nou
664 3053 700 3108 fit
713 3053 878 3109 minoratio

538 3133 704 3190 Defunctus
718 3135 910 3190 resuscitatur

537 3214 725 3286 AdolesceuS,
742 3220 772 3271 ct
786 3215 924 3271 laudatur

579 3293 690 3351 Divina
703 3297 843 3371 potentia.

538 3375 645 3433 Sancte
659 3385 749 3452 puter,
765 3395 845 3432 nunc
859 3396 1022 3452 precamur,

537 3455 584 3514 Ut
598 3464 627 3513 te
642 3458 715 3514 <lucc
728 3456 922 3533 perducamur

574 3538 627 3594 Ad
641 3545 751 3594 aeterna
764 3538 877 3613 gaudia.

571 3621 672 3676 Amcu
686 3619 785 3675 dicunt
799 3619 905 3678 onmia.

664 3800 755 3859 From
776 3800 840 3860 MS.
864 3802 902 3858 D.

557 3925 622 3983 Puo
645 3926 771 3982 Fuurrr
794 3925 999 3984 Priuuruuru.

245 4008 353 4068 Oratio.

240 4090 330 4160 DeuS,
347 4087 400 4164 qui
421 4087 538 4143 beatam
557 4086 702 4162 virginem
726 4093 756 4145 et
776 4094 902 4145 matrem
926 4087 1055 4146 Mariam
1079 4090 1113 4146 in
1134 4098 1281 4171 conceptu
1303 4099 1335 4153 et
1352 4093 1382 4151 in

177 4177 265 4247 partu
287 4167 470 4239 consecrasti,
485 4172 516 4224 ot
537 4165 559 4223 J
561 4186 647 4223 onam
669 4168 845 4244 prophetem
867 4169 903 4225 dc
925 4176 1032 4227 ventre
1053 4170 1112 4227 ceti
1132 4174 1253 4248 potenti
1273 4174 1382 4233 virtuto

177 4251 317 4323 liberasti,
332 4249 473 4307 famulam
491 4253 576 4305 tuum
590 4247 631 4303 N.
646 4249 795 4322 gravidam
817 4255 947 4326 protege,
964 4256 995 4308 et
1008 4250 1099 4308 visita
1119 4270 1186 4311 eam
1207 4254 1243 4313 in
1263 4254 1381 4315 salomi

175 4338 236 4403 trio,
253 4337 287 4388 ut
301 4331 397 4407 proles
410 4330 444 4386 in
457 4328 509 4386 illa
522 4333 661 4386 contenta
674 4329 798 4387 feliciter
812 4330 844 4386 in
864 4330 961 4388 lucem
983 4331 1106 4409 prodeat
1119 4338 1152 4391 ct
1171 4338 1330 4411 perveniat
1345 4334 1379 4395 nd

178 4413 304 4489 gretiam
317 4411 428 4468 lavacri
440 4409 584 4468 salutaris.
627 4408 685 4466 Per
698 4409 869 4467 Dominum.
