2910 4904
604 310 738 394 Kyries.
1208 318 1270 382 249

188 475 360 533 Theorieam
373 476 591 553 practicamque
604 477 699 535 vitam
712 496 815 551 regens
829 477 911 535 Deus
926 478 1026 551 Pater,
1042 480 1169 557 eleyson.

189 556 360 632 Veniteque
374 557 520 630 Christus,
536 559 631 634 quies
646 558 732 615 Patri
745 578 838 630 carus,
855 559 982 636 eleyson

189 637 376 714 spiritusque
388 638 548 711 Paraolite,
563 639 633 697 hinc
647 639 732 696 nobis
745 639 951 714 psallentibus,
968 641 1096 718 eleyson.

187 718 311 775 Vindex
324 739 354 777 es
368 720 421 796 qui
433 720 506 777 mali
519 727 550 777 et
563 719 686 796 largitor
698 720 779 792 boni,
794 721 922 796 eleyson.

188 798 292 875 Tuque
306 800 440 875 quicum
454 801 544 859 Patre
557 820 662 859 vernas
676 808 792 872 cuncta,
808 802 937 873 Christe,
953 803 1080 879 eleyson.

188 879 261 937 Caeli
275 879 301 937 Ο
314 880 485 957 plasmator,
500 889 532 940 et
544 888 631 940 terrae
645 888 680 939 tu
693 882 797 954 factor,
813 883 939 959 eleyson.

187 959 244 1017 Eia
257 981 336 1019 nunc
350 963 524 1020 catervatim
538 962 629 1020 dicite
642 963 735 1034 nobis,
751 962 878 1037 Christe,
893 966 1022 1041 eleyson.

187 1042 228 1098 Et
242 1041 307 1099 Deo
320 1043 486 1119 placeamus
500 1063 554 1100 nos
567 1044 655 1101 modo
669 1050 816 1114 canentes,
831 1046 959 1122 eleyson.

188 1122 302 1180 Calicis
315 1124 470 1200 suffragari
482 1124 598 1198 gaudiis
612 1131 741 1182 aestuans
755 1126 839 1202 plebs
853 1127 1027 1203 proclamat,

187 1202 234 1260 Ut
247 1204 308 1261 suis
321 1204 435 1262 dehetis
448 1205 601 1282 indulgeat
615 1206 698 1264 Deus
712 1205 771 1263 Dei
783 1207 911 1284 genitus,

187 1284 229 1357 Et
241 1291 277 1342 ut
290 1291 380 1363 queat
393 1286 457 1343 caeli
469 1286 578 1362 gaudia
591 1286 722 1363 adipisci,
738 1287 817 1346 dicat
831 1288 960 1365 eleyson.

617 1455 713 1514 XIX.

446 1563 565 1633 Krars,
587 1563 659 1620 Rnx
679 1579 815 1622 carmos
836 1563 891 1641 (2).

186 1668 291 1745 Kyrie,
306 1689 360 1727 rex
373 1670 491 1747 genitor
504 1670 645 1747 ingenite,
661 1689 731 1728 vera
743 1671 877 1742 essentia,
893 1670 1020 1747 eleyson.

186 1749 291 1826 Kyrie,
305 1750 428 1809 luminis
442 1751 508 1808 fons
522 1758 552 1808 et
566 1770 665 1808 rerum
679 1750 823 1822 conditor,
839 1752 965 1827 eleyson.

186 1830 289 1906 Kyrie,
305 1833 357 1907 qui
371 1852 425 1889 nos
438 1838 497 1889 tuae
512 1832 648 1908 imaginis
662 1833 786 1908 signasti
799 1833 901 1908 specie,
918 1833 1044 1909 eleyson.

185 1911 312 1984 Christe,
326 1912 381 1969 lux
395 1913 500 1985 oriens,
514 1932 568 1989 per
581 1932 670 1989 quem
683 1919 755 1970 sunt
769 1913 877 1985 omnia,
893 1914 1021 1991 eleyson.

186 1992 312 2065 Christe,
328 1994 381 2069 qui
393 1994 523 2070 perfecta
536 2013 567 2051 es
580 1994 735 2070 sapientia,
750 1994 876 2070 eleyson.

185 2072 310 2144 Christe,
327 2075 385 2131 Dei
397 2074 499 2148 forma,
514 2074 652 2131 humanae
666 2075 822 2152 particeps,
839 2075 965 2152 eleyson.

185 2154 291 2231 Kyrie,
306 2155 436 2231 Spiritus
449 2157 575 2228 vivifice,
590 2156 662 2213 vitae
676 2157 730 2227 vis,
746 2158 872 2232 eleyson.

185 2235 289 2311 Kyrie,
304 2237 460 2313 utriusque
473 2256 573 2312 vapor,
588 2237 621 2293 in
635 2257 693 2313 qno
707 2244 822 2309 cuncta,
838 2237 963 2312 eleyson.

185 2316 289 2392 Kyrie,
306 2324 485 2395 expurgator
497 2318 639 2375 scelerum
654 2323 685 2375 et
697 2318 821 2394 largitor
833 2319 947 2395 gratiae,
962 2318 1090 2394 eleyson.

184 2397 318 2455 Petimus
331 2405 451 2474 propter
464 2404 581 2456 nostras
595 2399 718 2456 offensas
732 2398 795 2456 noli
809 2418 862 2457 nos
877 2399 1053 2476 relinquere,

185 2478 211 2535 0
226 2478 391 2537 consolator
405 2479 531 2538 dolentis
544 2479 659 2551 animae,
675 2479 801 2556 eleyson.

627 2632 703 2692 XX.

519 2741 663 2800 Caranus
685 2756 810 2800 aneson

64 2847 200 2905 Clemens
212 2852 316 2918 rector,
332 2853 441 2905 aeterne
455 2846 546 2904 Pater
558 2846 710 2917 immense,
726 2846 853 2922 eleyson.

63 2928 191 2987 Nostras
205 2948 296 2985 necne
311 2927 449 3007 (necnon)
464 2948 549 2986 voces
562 2927 681 3000 exaudi,
696 2928 852 2984 benedicte
866 2926 1005 2998 Domine,

62 3008 200 3085 Eter(ne)
216 3009 339 3066 stellifer
352 3015 460 3082 noster,
476 3009 571 3067 nostri
584 3008 738 3085 benignae,
754 3008 880 3084 eleyson.

61 3089 185 3148 Plebem
199 3096 298 3162 tuam,
308 3090 438 3148 Sabaoth
452 3090 525 3167 agie,
540 3109 655 3166 semper
668 3108 743 3165 rege,
760 3088 887 3164 eleyson.

62 3171 153 3229 Trina
167 3176 198 3229 et
212 3190 279 3239 une,
294 3171 410 3229 sedulas
423 3177 538 3229 nostras
551 3189 660 3247 preces,
675 3189 739 3241 rex,
754 3170 877 3246 suscipe,

62 3251 168 3309 Fidem
181 3271 256 3326 auge
269 3251 316 3308 his
330 3252 381 3328 qui
394 3251 518 3309 credunt
530 3251 564 3308 in
577 3257 616 3323 te,
632 3257 667 3308 tu
680 3270 825 3321 succurre,
842 3251 968 3325 eleyson.
1265 3300 1267 3306 .

62 3331 188 3410 Respice
211 3333 244 3389 in
266 3332 351 3390 nobis
375 3333 520 3404 omnibus,
545 3332 664 3407 inclyte,
687 3331 733 3389 fer
756 3351 842 3408 opem
863 3331 900 3389 de
921 3328 1063 3403 excelsis,
1084 3335 1115 3388 et
1138 3335 1263 3402 nostras,

143 3414 311 3490 redemptor
337 3413 416 3471 orbis
443 3420 539 3485 terrae,
567 3431 653 3471 voces
682 3413 750 3490 jugi
776 3412 949 3488 angelorum
976 3410 1102 3469 carmini
1128 3412 1263 3490 adjunge,

144 3494 187 3551 ele
209 3514 269 3552 son.

62 3515 276 3652 Cunctiphtens
289 3574 398 3651 sophiae
412 3580 472 3632 tuae
485 3573 585 3633 lumen
599 3574 686 3631 nobis
699 3573 831 3632 infunde.

62 3656 226 3733 Tripartite
246 3662 276 3713 et
296 3674 355 3713 une
375 3655 481 3731 Kyrie,
497 3656 549 3732 qui
569 3674 670 3712 manes
690 3674 757 3712 cum
778 3654 869 3712 Patre
892 3654 926 3712 in
949 3660 1102 3728 aeternnm,
1116 3661 1148 3713 te
1161 3674 1220 3728 ore,
1234 3661 1265 3713 te
1343 3658 1345 3674 '

143 3737 229 3794 corde
252 3743 342 3813 atque
364 3743 464 3794 mente
487 3735 658 3813 psallimus3
686 3755 766 3794 nunc
789 3735 856 3808 tibi,
878 3736 905 3793 Ο
926 3736 1011 3794 beate
1032 3735 1106 3795 Jesu
1126 3736 1211 3810 bone,
1233 3741 1264 3794 te

144 3818 334 3894 deprecamur
347 3836 448 3875 omncs
462 3817 587 3890 assidue,
602 3817 728 3893 eleyson.

614 3972 709 4031 XXI.

493 4084 614 4156 Kirra.
634 4083 706 4142 Rrx
726 4098 842 4144 saeua.

61 4194 168 4271 Kyrie,
183 4214 238 4252 rex
251 4213 363 4270 regum,
379 4192 508 4251 Domine
522 4193 605 4250 Deus
618 4191 756 4265 Sabaoth,
773 4191 869 4250 nostri
881 4191 930 4269 pie
944 4191 1069 4268 eleyson.

62 4275 167 4352 Kyrie,
183 4295 271 4353 quem
284 4275 450 4332 intremunt
464 4293 597 4351 supemae
611 4273 732 4331 factura
746 4279 860 4332 cunctae
874 4279 904 4331 et
917 4278 1052 4346 terrenae,
1065 4272 1191 4351 eleyson

60 4357 167 4434 Kyrie,
183 4356 274 4414 Pater
286 4355 427 4432 ingenite,
442 4355 610 4432 origoritae
624 4354 819 4430 sempiterna,
833 4355 958 4430 eleyson.

60 4438 187 4509 Christe,
202 4437 256 4496 lux
269 4437 306 4496 de
319 4437 392 4511 luce,
407 4442 536 4514 paternae
549 4435 649 4512 gloriae
664 4444 816 4507 coaeterne,
831 4435 957 4512 eleyson.
