2910 4904
127 317 168 379 2ss
598 314 694 378 Festo
715 313 848 379 Martii.

124 480 295 539 contulisti:
328 482 452 539 concede
480 481 634 557 propitius,
664 481 773 557 utqui
796 487 983 557 peccatorum
1004 487 1175 537 nostrorum
1199 480 1329 556 pondere

124 564 296 638 premimur,
311 564 374 638 ejus
387 562 467 638 apud
487 569 517 619 te
531 562 666 638 precibus
681 563 876 620 sublevemur.
930 562 988 619 Per
1009 562 1173 619 Dominum
1190 568 1330 620 nostrum

126 643 149 700 J
150 663 231 700 esum
246 643 398 701 Christum
413 643 532 700 Filium.

187 724 328 799 Epistola.
373 725 447 781 Ecce
459 724 591 781 sacerdos
606 743 738 799 magnus,
754 724 853 799 quiin
866 723 930 780 vita
945 743 998 780 sua
1011 724 1135 781 curavit.

191 805 339 875 Grculot.¹
369 805 499 862 Juravit.

191 887 320 943 Proetus.
366 886 477 943 Beatus
487 886 543 957 vir,
560 885 612 961 qui
626 886 720 942 timet.

189 967 391 1042 Econpcliara.
435 968 499 1024 Vos
513 967 583 1023 estis
597 967 651 1022 lux
666 967 873 1040 mundicieque
887 965 994 1043 adqui
1007 972 1052 1024 est
1065 966 1098 1023 in
1113 965 1199 1024 caelis.

191 1047 293 1105 Credo.

191 1128 383 1201 Offcrtorircm.
426 1128 536 1185 Inveni
549 1128 649 1185 David
665 1147 783 1184 servum
797 1147 904 1185 meum.

191 1210 312 1267 b'ecrcta
1152 1272 1154 1274 ,

194 1295 303 1348 Annue
325 1290 418 1360 nobis,
434 1289 572 1361 Domine,
591 1309 767 1364 quaesumus,
788 1296 832 1361 ut,
847 1289 1048 1346 intercedente
1066 1290 1153 1346 beato
1175 1288 1330 1365 Gregorio,

130 1371 192 1426 haec
206 1371 291 1428 nobis
305 1372 398 1446 prosit
412 1371 532 1442 oblatio,
549 1390 639 1447 quam
648 1371 828 1428 immolando
838 1371 1045 1427 totiusmundi
1058 1371 1193 1428 tribuisti
1206 1370 1335 1428 relaxari

131 1451 246 1509 delicta.
291 1451 349 1509 Per
363 1451 534 1509 Dominum

194 1532 376 1590 Communia.
420 1533 558 1603 Domine,
574 1533 713 1608 quinque.

192 1614 435 1672 Postcommcmic.

192 1695 283 1766 Deus,
298 1695 351 1771 qui
364 1696 484 1752 beatum
508 1694 684 1769 Gregorium
703 1694 871 1770 pontificem
885 1699 1053 1751 sanctorum
1075 1697 1196 1750 tuorum
1218 1692 1336 1751 meritis

132 1776 298 1850 coaequasti,
321 1776 445 1833 concede
467 1774 623 1851 propitius,
637 1780 673 1831 ut
688 1777 740 1851 qui
757 1775 1043 1832 commemorationis
1057 1776 1120 1850 ejus
1137 1772 1337 1851 1111111101-

132 1855 219 1928 imus,
234 1858 304 1913 vitae
318 1876 435 1932 quoque
449 1857 602 1913 imitemur
616 1856 757 1933 exempla.
802 1856 860 1912 Per
874 1856 1044 1913 Dominum.

205 2060 316 2117 Snucrr
336 2059 672 2131 Ournnnnr1,nr1scor1
691 2077 728 2116 nr
747 2076 952 2118 cournssoms
997 2057 1072 2137 (xiii
1090 2059 1159 2116 Kal.
1175 2056 1265 2137 Apr.)

198 2189 338 2262 Qffice‘rrra.
383 2188 497 2246 Statuit
512 2190 547 2248 ei.

198 2270 306 2327 Oratio

197 2351 391 2426 Omnipotens
414 2352 591 2428 sempiterne
614 2350 705 2423 Deus,
721 2351 774 2427 qui
797 2371 913 2426 semper
934 2371 964 2409 es
988 2356 1019 2408 et
1046 2351 1156 2426 ubique
1180 2350 1337 2422 mirabilis,
1375 2424 1379 2430 Ι

136 2452 304 2507 quaesumus
318 2432 506 2489 clementiam
519 2439 612 2503 tuam,
628 2439 663 2489 ut
677 2434 753 2490 sicut
767 2434 853 2490 beato
868 2432 1033 2489 Outhberto
1047 2431 1181 2507 pontifici
1194 2431 1340 2489 eminent-

134 2533 181 2570 em
204 2513 328 2588 gloriam
350 2514 512 2585 contulisti,
532 2515 572 2570 sic
594 2515 631 2570 ad
654 2514 890 2590 consequendam
915 2513 1144 2570 misericordiam
1165 2520 1251 2570 tuam
1274 2512 1340 2589 ejus

135 2613 188 2651 nos
202 2595 292 2652 iacias
305 2595 440 2670 precibus
454 2595 597 2671 adjuvari
641 2595 707 2653 Per.
1074 2590 1078 2596 ’

197 2675 313 2750 Epistol
333 2719 339 2731 .
382 2676 457 2733 Ecce
472 2676 605 2734 sacerdos
619 2696 750 2751 magnus,

199 2756 314 2813 Grodal
328 2800 334 2811 .
379 2757 454 2813 Ecce
468 2757 601 2814 sacerdos
615 2777 747 2832 magnus

200 2838 332 2893 Tractus.
374 2837 486 2894 Beatus
499 2838 547 2894 vir
560 2838 612 2913 qui
626 2839 721 2894 timet.

198 2917 398 2992 ,Ecartpelc'una
442 2918 542 2975 Homo
557 2917 678 2994 quidam
691 2938 818 2994 peregre.

201 2998 394 3072 Offertoriam.
439 2998 568 3056 Veritas.

198 3079 318 3138 Secreto.

200 3160 274 3217 Haec
298 3160 364 3230 tibi,
381 3159 519 3233 Domine,
534 3181 710 3236 quaesumus,
728 3160 808 3217 beati
827 3159 985 3217 Guthberti
1005 3157 1153 3235 pontificis
1180 3159 1228 3215 tui
1251 3158 1344 3216 inter·

140 3242 269 3298 cessione
283 3262 362 3299 nunc
376 3249 461 3322 grata
474 3243 618 3299 reddatur
631 3242 750 3314 oblati0,
763 3248 793 3299 et
806 3261 859 3317 per
873 3260 938 3298 eam
948 3241 1072 3317 gloriam
1082 3245 1220 3296 nostrum
1233 3239 1339 3296 famul·

141 3328 224 3379 atum
239 3323 367 3398 purifica.
411 3324 476 3382 Per.

202 3403 383 3463 Continuata.
427 3406 539 3463 Beatus
553 3424 662 3462 servus.

202 3485 444 3545 Postccmraaaio.

202 3566 292 3637 Deus,
311 3569 362 3642 qui
377 3588 430 3626 nos
452 3573 623 3624 sanctorum
635 3573 756 3622 tuorum
770 3564 926 3640 temporali
940 3563 1048 3620 tribuis
1062 3563 1341 3621 commemoratione

141 3648 276 3721 gaudere,
304 3655 419 3724 praesta,
449 3668 625 3726 quaesumuS,
650 3653 686 3703 ut
720 3649 805 3703 beato
835 3645 999 3703 Cuthberto
1027 3644 1228 3701 intercedente
1254 3645 1286 3700 in
1308 3663 1344 3702 ea

141 3747 331 3786 numeremur
358 3736 447 3787 sorte'
465 3730 569 3786 salutis
596 3730 628 3785 in
656 3747 715 3803 qua
742 3733 813 3784 sunt
839 3726 886 3782 illi
912 3726 1009 3802 gratia
1035 3732 1088 3782 tua
1112 3725 1240 3801 gloriosi.
1284 3725 1344 3783 Per

143 3809 314 3870 Dominum.

237 3979 351 4038 Snucrr
365 3980 536 4041 annmcrr
562 3995 690 4036 nusrrrs
705 3995 742 4035 nr
757 3993 961 4036 corrnssoms,
992 3977 1055 4054 (xii.
1072 3977 1142 4034 Kal.
1158 3976 1250 4054 Apr.)

205 4113 344 4185 Officirna.
388 4112 428 4169 Os
437 4111 523 4186 justi.

207 4193 314 4250 Oratio.
362 4191 546 4249 Intercessio

204 4273 346 4348 Epistola
389 4274 411 4331 J
413 4279 498 4330 ustus
511 4292 561 4329 cor
574 4291 669 4331 suum.

207 4353 339 4411 Gradul.
384 4354 425 4411 Os
434 4354 518 4430 justi.

207 4434 338 4494 Tractus.
382 4435 577 4492 Desiderium.
