2910 4904
226 307 288 369 110
685 298 781 364 Festo
804 297 955 368 Octobris.

315 533 426 591 Sauorr
448 531 643 604 Hmnourm,
665 547 858 603 ransamnar,
881 547 1089 605 cournssosrs,
1112 550 1150 591 nr
1170 550 1331 595 noorours.

688 626 782 705 (Prid.
799 627 869 684 Kal.
886 627 980 705 Oet.)'
1013 674 1017 679 .

287 759 426 835 Officium.
469 758 509 815 In
522 759 626 817 medio.

287 841 396 900 Oratio.
1451 886 1454 893 .

285 922 386 979 Sancti
400 919 580 996 Hieronymi
597 938 658 991 nos,
678 919 815 991 Domine,
833 919 972 978 natalitia
988 920 1089 979 votiva
1106 921 1268 997 letificant,
1286 930 1320 984 et
1336 924 1424 985 bene-

224 1004 297 1062 fieiis
311 1023 370 1059 suae
380 1000 596 1060 intercessionis
609 1000 757 1058 attollant.
800 1000 866 1058 Per.

283 1082 425 1159 Epistola.
469 1082 562 1140 Dedit
575 1081 723 1138 Dominus
736 1081 954 1140 confessionem.

286 1163 420 1222 Grodaie.
463 1162 505 1221 Os
514 1163 599 1238 justi.

282 1244 430 1320 Alleluya.
479 1244 508 1301 1⁷.
532 1243 594 1300 Iste
608 1247 734 1300 sanetus

284 1324 446 1400 Sequentia.
491 1324 652 1400 Organicis,
667 1332 701 1379 at
714 1324 748 1380 ira
760 1322 922 1382 Constantii.

283 1417 483 1557 &suppetiari
527 1416 631 1473 Nolite
644 1416 749 1473 timere
761 1415 886 1491 pusillus
898 1436 971 1493 grex
985 1437 1074 1493 araque
1086 1417 1128 1477 od
1140 1438 1191 1477 eor
1203 1426 1339 1479 vestrum
1352 1421 1415 1481 erit

310 1518 342 1556 re
363 1518 389 1555 o.

286 1579 478 1654 Offirteriam.
521 1577 650 1635 Veritas,
708 1584 710 1591 '

282 1673 414 1829 {adelidis
436 1752 529 1809 sitin
553 1756 711 1826 coruspectu
731 1755 793 1820 tuo,
816 1751 954 1823 Domine,
977 1757 1084 1810 nostrae
1105 1754 1274 1814 devotionis
1297 1756 1419 1829 oblatio,

223 1832 494 1972 {tepulpodlppnplollrm
506 1831 719 1907 supplicatione
732 1831 878 1905 salutaris,
894 1852 947 1908 pro
961 1835 1044 1909 cujus
1061 1834 1262 1895 sollemnitate
1275 1836 1417 1897 defertur.

285 2007 466 2066 Coetmaaio.
509 2005 620 2062 Fidelis
633 2025 743 2063 servus

284 2099 525 2157 Postcommania

284 2180 404 2256 Repleti
418 2179 558 2236 alimonia
571 2179 687 2247 caelesti,
704 2199 879 2255 quaesumus,
901 2179 1037 2254 Domine,
1051 2188 1088 2240 ut
1105 2182 1309 2243 intercedente
1330 2184 1420 2243 beato

223 2261 409 2337 Hieronymo
423 2260 585 2318 confessore
594 2266 657 2331 tuo,
670 2260 875 2318 misericordiis
884 2267 945 2319 tuae
953 2263 1079 2340 gratiam
1087 2265 1227 2342 consequi
1239 2284 1412 2325 mereamur.

224 2343 281 2401 Per
295 2342 458 2399 Dominum
470 2347 604 2398 nostrum
613 2342 635 2399 J
637 2360 718 2398 esum
732 2341 891 2401 Christum.

284 2579 323 2635 Iu
344 2578 577 2634 Transmrrous
598 2591 777 2634 ssucronuu
797 2590 1013 2638 courrssoaun
1034 2581 1190 2655 Genuam,
1212 2584 1356 2661 Rmnorr,

426 2674 576 2746 Vanasrr,
599 2673 746 2744 storra
768 2691 805 2731 nr
826 2675 988 2737 Pmrours.
1032 2679 1115 2757 (Kal.
1131 2681 1214 2761 Oct.)

284 2824 424 2899 Officium.
467 2822 643 2881 Sacerdotes.

284 2904 393 2962 Oratio.

283 2985 410 3053 Exaudi,
425 2984 561 3057 Domine,
576 2984 717 3060 populum
737 2990 823 3041 tuum
844 2990 874 3042 et
894 2992 1061 3045 sanctorum
1080 2990 1279 3051 confessorum
1294 2999 1411 3053 tuorum

222 3067 370 3136 Germani,
396 3066 534 3141 Remigii,
560 3064 694 3135 Vedasti‚
723 3065 853 3123 Bavonis
879 3072 968 3143 atque
995 3068 1138 3145 Platonis,
1162 3072 1319 3133 sollemnia
1343 3076 1412 3135 cala·

221 3149 365 3218 brantem,
390 3146 560 3221 temporalis
584 3146 653 3202 vitre
681 3146 779 3203 tribue
805 3166 875 3223 pace
902 3150 1036 3224 gaudere,
1061 3158 1091 3211 et
1117 3158 1263 3213 aearnum
1285 3156 1411 3235 reperire

221 3228 393 3287 subsidium.
435 3227 500 3285 Per.

280 3307 422 3384 Epistola.
465 3307 569 3364 Plures
582 3306 654 3364 facti
667 3313 736 3364 sunt
750 3309 920 3368 sacerdotes.

283 3388 416 3447 Gradale.
460 3389 630 3446 Sacerdotes
644 3389 715 3465 ejus.

280 3471 429 3545 Alleluya.
477 3470 506 3528 V.
529 3469 698 3545 Fulgebunt
707 3470 792 3546 justi.

279 3551 480 3626 Evaapelium.
524 3551 591 3608 Sint
604 3550 698 3607 lumbi
711 3551 804 3607 vestri
816 3572 907 3627 eisquc
920 3554 961 3611 od
975 3554 1069 3613 Filius
1082 3555 1211 3615 hominis
1224 3559 1336 3619 veniet.

283 3642 476 3719 Offertoriam.
520 3644 730 3701 Exsultabrmt.

280 3736 401 3795 Secreta.

280 3818 385 3875 Preces
406 3824 531 3888 nostras,
551 3837 725 3893 quaesumus
748 3816 883 3892 Domine,
906 3826 936 3877 et
957 3826 1078 3879 tuorum
1099 3824 1210 3901 respice
1229 3826 1405 3885 oblationem

219 3899 359 3970 fidelium,
378 3905 413 3955 ut
429 3899 486 3955 tibi
507 3904 598 3974 gratae
619 3899 680 3955 sint
701 3899 734 3954 in
756 3904 875 3956 tuorum
898 3900 1062 3960 festivitate
1079 3910 1259 3979 sanctorum,
1277 3912 1310 3965 et
1327 3906 1411 3967 notis

219 3980 371 4040 conferant
385 3985 444 4036 ture
457 3979 677 4056 propitiationis
690 3979 844 4037 auxilium.
888 3981 953 4039 Per.

280 4072 459 4132 Oonemuaia
501 4072 523 4129 J
525 4079 657 4129 ustorum
672 4071 784 4129 animae.

279 4169 590 4324 Dipllddlildiliiiriiento
600 4247 793 4323 reparationis
803 4248 947 4319 humanae,
959 4256 1073 4326 praesta,
1084 4270 1262 4328 quesumus,
1274 4250 1402 4327 Domina

218 4336 253 4387 ut
266 4349 319 4406 per
336 4349 369 4386 ea
388 4349 452 4405 quae
469 4328 554 4386 nobis
575 4348 697 4385 munere
714 4329 846 4406 dignaris
868 4331 996 4405 praebere
1017 4332 1135 4404 calesti,
1149 4352 1204 4411 per
1224 4335 1289 4397 haeo
1310 4334 1400 4397 eadem

218 4411 331 4469 tribuas
344 4411 429 4470 nobis
442 4410 585 4469 inhaerere
598 4409 768 4470 caelestibus.
811 4410 870 4470 Per
883 4410 1053 4472 Dominum.
