2910 4904
436 281 624 369 Sequentia
647 281 853 351 Communes.

411 448 518 525 Sicque
531 469 593 506 una
606 449 679 506 urbe
693 454 820 506 mortem

411 530 483 588 Una
496 531 544 588 dic
558 530 644 606 passi,
659 535 770 588 sortem

450 610 499 668 Ad
514 612 665 688 justorum
680 615 873 671 transmeant.

410 690 471 761 Qui
484 692 629 750 malorum
644 711 698 749 nos
713 696 847 750 exsortes

410 773 471 830 Sua
483 792 567 849 prece
581 779 613 830 et
626 779 775 832 consortes

451 853 613 911 Beatorum
623 854 743 912 saciant.

430 1008 594 1086 Sequentia.

412 1102 482 1161 Hac
495 1104 526 1161 in
541 1103 589 1160 die
602 1101 750 1161 recolatur

413 1183 535 1242 Summa
549 1204 616 1242 cum
630 1183 739 1242 laetitia

414 1264 518 1322 Sancti
533 1265 617 1323 Petri
630 1271 720 1341 atquc
734 1261 836 1341 Pauli*

455 1345 584 1404 Celebris
598 1345 747 1406 memoria.

413 1442 608 1502 Exsultantes
621 1462 798 1501 veneremur

413 1524 526 1583 Eorum
540 1524 687 1595 natalitia,

415 1605 494 1675 Quos
509 1625 610 1663 cursus
623 1606 693 1663 vitae
706 1602 797 1680 huJ'us

454 1686 539 1745 Finit
553 1706 606 1763 per
618 1687 770 1762 martyria.

414 1783 522 1841 Petrus
536 1803 651 1841 crucem
665 1782 826 1855 subeundo,

414 1864 526 1922 Paulus
539 1865 617 1922 ensis
625 1863 740 1941 jugulo,

413 1945 476 2003 Sub
490 1945 611 2003 Nerone
625 1946 712 2002 ambo
725 1943 813 2022 passi,

454 2026 560 2103 Regna
573 2026 721 2084 scandunt
734 2024 841 2083 caelica.

413 2123 496 2182 Hinc
510 2124 637 2182 lucerna
651 2123 764 2181 mundo
778 2122 898 2194 lucent;

413 2204 484 2262 Duo
497 2211 568 2262 sunt
582 2205 765 2276 candelabra,

414 2285 534 2356 Quibus·
542 2293 643 2344 noster
657 2285 763 2344 chorus
777 2301 870 2342 ovans

454 2367 564 2426 Libens
577 2367 686 2444 psallat
699 2366 822 2424 centies.

414 2466 615 2525 Convicerunt
627 2465 806 2544 disputando

414 2548 553 2624 Nequam
567 2567 686 2623 magum
701 2547 859 2618 Simonem,

414 2629 456 2686 Et
469 2629 580 2686 orando
593 2633 784 2686 retraxerunt

454 2709 615 2767 Volantcm
629 2730 682 2786 per
696 2729 802 2767 aerem.

414 2807 492 2865 Ruit
506 2826 584 2883 ergo,
600 2813 631 2864 et
644 2807 767 2866 collisus

414 2888 573 2946 Adunavit
586 2889 707 2961 silicem,

415 2969 510 3028 Orcus
523 2976 609 3027 vorat
623 2979 713 3046 atque
726 2974 811 3027 tenet

455 3050 581 3127 Magum
594 3050 814 3110 exsecrabilem.

414 3148 497 3206 Nero
510 3148 639 3206 fremens
652 3149 831 3207 furibundus

413 3229 513 3287 Ardet
526 3229 683 3306 plusquam
696 3229 793 3287 facula
804 3248 814 3302 3

413 3310 435 3369 J
436 3311 508 3368 ubet
522 3310 646 3368 Petrum
660 3310 801 3386 crucifigi,

454 3389 583 3448 Paulum
597 3391 662 3449 dira
674 3393 793 3449 framea.

413 3490 498 3549 Ferit
511 3490 599 3548 lictor
611 3490 644 3548 in
657 3495 818 3563 momento,

414 3572 520 3649 Sicque
534 3592 587 3648 per
600 3571 746 3648 martyria

414 3652 568 3711 Scandunt
580 3652 665 3710 caelos
679 3650 801 3729 gloriosi

455 3733 545 3792 Pares
557 3734 623 3809 pari
635 3733 738 3811 gloria.

414 3832 598 3890 Assistcntes
611 3832 694 3890 laudi
707 3833 813 3891 horum

414 3914 473 3972 Dei
482 3915 570 3990 juvet
583 3915 687 3991 gratia,

415 3995 457 4053 Et
470 3995 587 4071 adjutos
600 4014 654 4053 nos
667 3994 811 4071 perducat

455 4076 507 4133 Ad
521 4076 654 4152 polorum
668 4076 785 4153 gaudia,

415 4174 480 4232 Ubi
494 4173 589 4231 sancti
602 4173 769 4250 gloriantur

415 4253 456 4313 In
470 4254 580 4313 caelesti
593 4255 710 4330 patria:

419 4336 466 4394 Sit
479 4343 653 4394 cunctorum
666 4336 792 4395 creatori

459 4421 548 4490 Laus,
563 4419 660 4493 decus,
675 4425 706 4477 et
718 4417 824 4496 gratia
