2910 4904
189 285 252 349 224
653 281 797 347 cautere
817 281 936 349 Missa

248 482 338 556 Item,
359 483 534 561 proferendo
560 484 651 541 verba
678 483 904 541 consecrationis
931 458 1008 541 circa
1034 484 1200 561 quamlibet
1226 484 1387 561 munim,

188 564 322 623 sacerdos
335 584 450 642 semper
463 564 600 622 intendat
613 564 754 623 conficere
766 564 799 621 id
812 565 891 641 quod
913 564 1049 623 Christus
1067 564 1204 625 instituit
1216 572 1249 625 et
1261 566 1390 627 aalma

188 644 267 704 facit.
987 693 991 700 .

249 725 364 795 Quarta
376 731 430 799 est,
446 732 481 783 rit
495 727 521 784 si
534 727 633 803 plures
647 725 759 784 hostias
778 725 869 783 habet
889 745 1065 800 consecrare,
1080 726 1169 786 debet
1180 726 1292 787 herum
1303 748 1391 788 unani

188 807 303 864 elevare
326 827 417 883 quam
439 807 497 864 eibi
520 808 715 884 deputaverat
728 827 746 864 a
759 806 904 883 principio
921 808 966 865 ad
989 808 1120 881 missam,
1135 813 1167 866 et
1185 814 1292 867 teneat
1311 808 1392 869 illini

188 906 277 965 peries
297 887 378 960 alias,
393 888 436 945 ita
457 888 536 965 quod
547 889 646 946 visum
668 894 700 946 et
719 888 977 946 intentionem.ad
998 908 1099 947 omncs
1120 888 1211 947 simul
1230 888 1352 969 dirigat,
1363 896 1392 949 et

188 968 331 1046 signando
354 974 386 1026 et
404 969 527 1026 dicendo
554 969 618 1028 Hoc
640 979 681 1027 eet
701 969 780 1026 enim
805 989 911 1045 corpur
931 989 1036 1043 meum,
1058 988 1160 1029 omnes
1182 972 1297 1049 cogitet
1322 990 1392 1049 ques

189 1049 379 1107 demonstrat.
897 1099 900 1103 ,

249 1130 438 1188 Consuliinus
462 1150 579 1208 quoque
602 1136 637 1188 ut
662 1130 812 1188 canonem
839 1130 993 1207 presbyter
1019 1131 1190 1191 memoriter
1216 1131 1303 1205 sciat,
1326 1132 1393 1211 quie

188 1211 325 1269 devotius
338 1211 448 1270 dicitur
456 1231 465 1284 3
485 1231 600 1289 semper
613 1218 714 1269 tamen
733 1210 809 1269 liber
828 1210 982 1285 habeatur,
998 1217 1034 1269 ut
1046 1212 1085 1270 ad
1103 1213 1204 1290 ipsum
1223 1214 1392 1273 memoriter

190 1298 366 1353 recurratur.

250 1373 370 1447 Quinta,
384 1379 420 1430 ut
434 1374 505 1431 dum
519 1379 625 1446 sumat,
637 1392 791 1450 nunquam
800 1392 861 1431 uno
874 1372 983 1431 haustu
997 1373 1119 1431 calicem
1130 1380 1251 1449 sumat3
1272 1380 1391 1453 pmpter

190 1454 334 1530 impetum
348 1454 445 1528 tussis,
461 1475 500 1512 rie
513 1454 666 1531 inopinate
680 1461 831 1527 oecurrat'3
852 1454 902 1511 sed
922 1455 969 1512 bis
991 1454 1040 1513 vel
1062 1461 1110 1513 ter
1130 1460 1217 1514 caute
1237 1462 1347 1529 sumat,
1358 1460 1392 1515 ut

190 1535 433 1611 impedimentum
453 1555 513 1593 non
533 1536 647 1593 habeat.
700 1535 732 1593 Si
754 1554 824 1592 vero
847 1535 947 1612 plures
970 1534 1083 1594 hostias
1105 1536 1195 1595 debet
1217 1556 1345 1611 sumere,
1356 1540 1391 1595 ut

190 1615 306 1692 quando
333 1614 432 1674 hostia
458 1623 503 1674 est
529 1616 706 1688 renovanda,
734 1616 830 1692 primo
864 1621 962 1674 sumat
992 1636 1058 1675 eam
1091 1635 1182 1692 quarn
1209 1616 1338 1677 confecit
1360 1622 1390 1676 et

190 1696 383 1773 sarigainem;
410 1704 476 1773 post
499 1696 561 1755 haec
582 1697 654 1755 alias
679 1717 745 1774 quac
769 1703 946 1772 supersunt3
973 1717 1058 1755 suam
1080 1698 1163 1774 prius
1184 1703 1287 1757 sumat
1305 1716 1392 1775 quarn

189 1777 270 1847 alias,
284 1777 355 1853 quia
369 1777 405 1836 de
419 1778 478 1836 suis
492 1778 586 1837 credit
600 1783 631 1835 et
644 1779 708 1850 scit,
724 1777 760 1835 de
773 1778 840 1835 aliis
854 1778 948 1835 eredit
959 1783 990 1836 et
1002 1778 1116 1851 nescit3
1136 1778 1258 1837 demum
1271 1778 1392 1858 deeupm

190 1857 363 1929 ablutiones,
379 1864 410 1916 et
422 1879 485 1917 non
497 1859 587 1935 prius.

251 1938 343 1996 Sexta
356 1944 409 2010 est,
424 1946 460 1996 ut
474 1958 634 2016 paucorum
653 1939 823 1998 nominibus
843 1958 873 1996 se
894 1938 1040 2017 astringat
1052 1940 1087 1997 in
1100 1938 1241 2013 Oenon03
1261 1958 1318 1999 nec
1329 1958 1391 2019 per

190 2025 288 2097 petuo,
302 2019 353 2076 sed
369 2020 511 2097 quamdiu
528 2020 610 2092 velit,
626 2019 715 2078 faeiat
724 2040 732 2092 ;
753 2020 872 2096 quando
884 2020 968 2093 velit,
984 2021 1121 2079 omittat:
1143 2021 1216 2097 quia
1233 2018 1340 2079 (innon
1356 2020 1392 2079 dc

190 2099 384 2158 multitudine
414 2101 569 2158 nominum
602 2101 786 2178 prolixatur3
821 2106 852 2159 et
878 2120 931 2177 per
957 2100 1013 2159 hoc
1039 2101 1180 2177 cogitatio
1207 2100 1390 2173 distrahitur.

191 2181 324 2257 Dignum
344 2187 444 2240 tamen
465 2188 517 2255 est,
533 2187 569 2239 ut
588 2187 680 2258 pater,
694 2188 799 2253 mater,
819 2182 919 2253 frater,
941 2201 1031 2254 soror,
1054 2182 1099 2240 ibi
1118 2180 1301 2257 nominetur,
1314 2188 1346 2243 et
1366 2182 1392 2241 si

191 2263 240 2338 qai
262 2281 316 2338 pro
339 2267 470 2340 tempore
494 2263 743 2334 commendentur,
759 2269 790 2320 et
813 2262 979 2339 specialiter
999 2283 1054 2340 pro
1078 2262 1187 2339 quibus
1209 2263 1303 2323 missa
1324 2262 1392 2323 eele-

190 2344 301 2406 bratur.
343 2343 375 2400 N
376 2363 415 2401 on
428 2350 530 2401 tamen
543 2344 587 2400 ibi
600 2344 653 2400 fiat
666 2343 776 2401 vocalis
790 2344 939 2420 expressio
952 2344 1005 2402 sed
1018 2343 1165 2402 mentalis.

251 2422 384 2501 Septima
403 2430 455 2497 est,
472 2433 507 2482 ut
526 2432 596 2482 ante
616 2426 736 2482 missam
760 2445 821 2482 non
838 2445 871 2481 os
895 2425 943 2482 vel
964 2425 1067 2483 dentes
1089 2424 1180 2497 lavet,
1200 2424 1254 2483 sed
1274 2430 1392 2483 tentum

190 2505 267 2562 labia
280 2506 420 2577 exterius,
435 2526 486 2564 ore
500 2506 605 2579 clauso,
621 2507 647 2563 ai
660 2506 774 2583 indiget
783 2525 792 2577 ;
812 2504 945 2563 neforto
965 2525 1049 2582 aquae
1068 2511 1190 2583 gustum
1210 2524 1281 2565 cum
1299 2504 1390 2565 saliva

190 2587 341 2646 immittat.
384 2586 458 2645 Post
484 2587 603 2644 missam
631 2587 722 2644 ctiam
749 2592 852 2644 caveat
870 2587 1085 2644 exscreationes
1106 2590 1258 2664 quantum
1285 2590 1391 2665 potest,

189 2668 280 2725 donec
294 2667 454 2726 comederit
467 2674 498 2725 et
511 2667 640 2741 biberit3
660 2666 787 2725 nefo1te
801 2667 914 2744 aliquid
928 2667 1008 2725 inter
1028 2668 1131 2725 dentes
1150 2665 1328 2727 remanserit
1339 2674 1393 2725 eut

192 2748 223 2804 in
243 2747 377 2805 faucibus
398 2749 479 2824 quod
503 2748 681 2806 exscreando
706 2749 868 2824 ejiceretur.
913 2748 1057 2817 Quamvis
1077 2754 1179 2807 autem
1200 2748 1292 2807 missa
1311 2748 1400 2807 devo-

190 2828 303 2886 tissime
322 2830 362 2886 sit
383 2829 565 2901 celebranda,
580 2829 837 2905 contemplationis
856 2848 944 2886 causa
953 2848 962 2901 ;
983 2835 1143 2887 esttamen
1162 2828 1270 2889 modus
1288 2828 1395 2889 habm-

191 2910 255 2981 dus‚
270 2929 308 2966 rie
321 2910 520 2985 protractione
536 2910 630 2967 nimia
642 2910 690 2967 vel
711 2908 920 2967 acceleratione
940 2909 994 2968 fiat
1013 2908 1101 2967 homo
1121 2908 1273 2969 notabilis.
1314 2908 1396 2969 Num

190 2990 362 3047 acceleratio
375 2991 492 3067 signum
506 2997 551 3048 est
565 2991 705 3063 incuriae3
725 2990 885 3068 protractio
898 2996 945 3048 est
957 2991 1070 3048 occasio
1089 2989 1292 3049 detractionis.
1335 2988 1393 3049 Sed

191 3070 288 3128 mulio
301 3070 467 3129 tutissimus
480 3071 544 3130 ibit
588 3072 633 3128 Eo
646 3078 746 3129 autem
767 3072 875 3128 affectu
887 3076 933 3128 est
946 3071 1087 3147 quaelibet
1105 3071 1196 3129 missa
1214 3070 1355 3130 habende
1365 3076 1395 3133 et

191 3150 314 3209 «licenda
327 3170 345 3208 a
359 3171 533 3228 quocunque
546 3153 703 3223 sacerdote,
718 3153 801 3229 quasi
815 3152 911 3228 prima
925 3153 1043 3210 dicatur
1054 3157 1087 3210 et
1098 3170 1256 3229 nunquam
1267 3152 1395 3231 amplius

191 3232 231 3289 sit
244 3232 374 3289 dicenda
418 3233 492 3291 Tam
506 3252 646 3310 magnum
660 3234 740 3291 enim
753 3234 865 3290 donum
878 3252 993 3309 semper
1006 3233 1094 3290 debet
1106 3252 1169 3291 esse
1181 3252 1304 3293 novum.

253 3312 373 3371 Halicat
386 3314 486 3391 itiaque
500 3314 632 3372 scrindos
645 3314 829 3391 diligentiam
849 3314 888 3372 ad
907 3313 1129 3386 conficiendum,
1144 3312 1346 3373 reverentiam
1357 3312 1394 3373 ed

193 3394 381 3469 tangendum,
404 3402 434 3453 ct
457 3395 643 3453 devotionem
667 3395 910 3454 adsumendum.
967 3395 1016 3453 Sic
1038 3394 1193 3453 sentiendo
1218 3400 1252 3455 et
1272 3394 1411 3473 egendo,

191 3475 278 3551 digno
291 3477 470 3534 tractabitur
482 3484 706 3549 sacramentum,
722 3476 779 3534 rite
789 3482 947 3553 peragetur
956 3475 1094 3548 isthmum,
1108 3481 1201 3555 atque
1218 3476 1356 3554 pericula
1366 3482 1396 3535 et

192 3554 328 3613 airadus
341 3557 542 3615 critabuntur.

252 3635 330 3694 ltcrn
345 3638 377 3695 in
391 3638 529 3697 Colicaria
542 3638 673 3696 dicendis
694 3657 808 3715 semper
828 3638 926 3715 impar
944 3658 1086 3697 numerus
1098 3638 1283 3699 observetur.
1325 3636 1396 3699 Um

194 3718 612 3797 proptorunitatenrltaitatia
642 3720 1226 3796 Trespmptertrinitatempersonarum.
1256 3717 1395 3797 Quinque

193 3808 312 3877 prepter
321 3799 593 3878 quinquepartitam
604 3801 768 3878 passionem
778 3800 898 3859 Christi.
928 3800 1050 3877 Septem
1062 3806 1183 3877 propter
1191 3798 1394 3877 septiformen

192 3878 315 3957 gratiani
331 3880 460 3958 Spiritus
474 3880 582 3939 Structi.
627 3882 833 3958 Septenarium
847 3901 1005 3938 numerum
1017 3881 1157 3939 excedere
1169 3900 1233 3938 non
1244 3878 1327 3941 licea

253 3958 340 4023 Item.
370 3962 603 4038 quandocunque
634 3962 728 4020 oratio
753 3962 892 4038 dirigitur
925 3961 1021 4019 solum
1053 3960 1092 4018 ad
1118 3961 1252 4035 Patrem,
1278 3960 1316 4021 in
1341 3960 1396 4021 ene

192 4042 308 4099 «litatur
325 4042 380 4101 Par·
397 4041 556 4099 lloriiiaina
578 4052 708 4100 ›aran-ina
728 4042 832 4101 Jeaunr
851 4042 1011 4102 Christum.
1054 4042 1088 4099 Si
1106 4060 1178 4099 vero
1197 4041 1344 4121 dirigitur·
1361 4040 1397 4101 eil

197 4124 323 4187 tricina.
338 4132 366 4181 ct
384 4124 493 4181 mentio
507 4124 542 4179 tit
559 4123 627 4180 Filii
640 4124 672 4180 in
683 4124 754 4200 ipsa.
770 4124 802 4180 in
815 4124 873 4181 fine
886 4123 1004 4180 dicatur
1018 4123 1077 4179 Per
1089 4123 1215 4180 mecedem
1226 4122 1393 4183 Domine!

193 4214 323 4261 ›iacti-aar
336 4204 438 4262 Jraiiai
452 4203 609 4263 t'liriaiani.
653 4204 686 4262 Si
696 4216 795 4262 autern
810 4204 904 4261 oratio
917 4204 1058 4279 dirigitur
1069 4203 1166 4261 solum
1174 4202 1215 4261 ad
1228 4202 1355 4279 Filium,
1366 4204 1397 4263 iu

194 4286 251 4341 tina
264 4284 381 4343 dicatur
395 4285 455 4357 tini
467 4306 532 4345 uim
547 4284 609 4343 Dar
623 4285 713 4341 Patre
725 4295 752 4342 ai
764 4285 882 4361 b'pririta
894 4284 1010 4342 Sancto.
1046 4283 1088 4341 Et
1101 4284 1128 4341 ei
1139 4284 1257 4343 mentio
1269 4284 1410 4363 Spiritu·-

194 4366 294 4423 Saacti
316 4366 347 4423 ia
368 4386 543 4443 quacunque
566 4366 697 4424 oratione
719 4366 780 4435 liat,
794 4366 827 4423 in
847 4366 907 4423 fine
925 4365 1051 4437 dicatur,
1071 4372 1099 4422 et
1118 4364 1249 4440 q‘uedem
1268 4364 1409 4443 Speras

194 4445 295 4506 &arieti
313 4447 397 4507 luas.
