<?xml version="1.0" encoding="UTF-8"?>
<!DOCTYPE html PUBLIC "-//W3C//DTD XHTML 1.0 Transitional//EN"
    "http://www.w3.org/TR/xhtml1/DTD/xhtml1-transitional.dtd">
<html xmlns="http://www.w3.org/1999/xhtml" xml:lang="en" lang="en">
 <head>
  <title>
</title>
<meta http-equiv="Content-Type" content="text/html;charset=utf-8" />
  <meta name='ocr-system' content='tesseract 3.04.00' />
  <meta name='ocr-capabilities' content='ocr_page ocr_carea ocr_par ocr_line ocrx_word'/>
</head>
<body>
  <div class='ocr_page' id='page_1' title='image "./missaleadusumin01churgoog_0075.png"; bbox 0 0 2910 4904; ppageno 0'>
   <div class='ocr_carea' id='block_1_1' title="bbox 611 260 839 326">
    <p class='ocr_par' dir='ltr' id='par_1_1' title="bbox 611 260 839 326">
     <span class='ocr_line' id='line_1_1' title="bbox 611 260 839 326; baseline 0.018 -4"><span class='ocrx_word' id='word_1_1' title='bbox 611 260 706 323; x_wconf 79' lang='lat' dir='ltr'>Festa</span> <span class='ocrx_word' id='word_1_2' title='bbox 720 260 839 326; x_wconf 69' lang='lat' dir='ltr'>lunii.</span> 
     </span>
    </p>
   </div>
   <div class='ocr_carea' id='block_1_2' title="bbox 476 426 1056 2609">
    <p class='ocr_par' dir='ltr' id='par_1_2' title="bbox 481 426 906 566">
     <span class='ocr_line' id='line_1_2' title="bbox 482 426 906 504; baseline 0.012 -22"><span class='ocrx_word' id='word_1_3' title='bbox 482 426 523 483; x_wconf 86' lang='lat' dir='ltr'>Et</span> <span class='ocrx_word' id='word_1_4' title='bbox 536 433 572 483; x_wconf 88' lang='lat' dir='ltr'>ut</span> <span class='ocrx_word' id='word_1_5' title='bbox 585 427 683 502; x_wconf 83' lang='lat' dir='ltr'>ipsum</span> <span class='ocrx_word' id='word_1_6' title='bbox 699 427 820 504; x_wconf 78' lang='lat' dir='ltr'>privent</span> <span class='ocrx_word' id='word_1_7' title='bbox 834 429 906 502; x_wconf 85' lang='lat' dir='ltr'>vite,</span> 
     </span>
     <span class='ocr_line' id='line_1_3' title="bbox 481 507 803 566; baseline 0.006 -2"><span class='ocrx_word' id='word_1_8' title='bbox 481 507 672 565; x_wconf 75' lang='lat' dir='ltr'>Celebrantes</span> <span class='ocrx_word' id='word_1_9' title='bbox 685 509 803 566; x_wconf 86' lang='lat' dir='ltr'>aconita</span> 
     </span>
    </p>

    <p class='ocr_par' dir='ltr' id='par_1_3' title="bbox 480 588 845 828">
     <span class='ocr_line' id='line_1_4' title="bbox 522 588 845 664; baseline 0.012 -20"><span class='ocrx_word' id='word_1_10' title='bbox 522 588 688 664; x_wconf 85' lang='lat' dir='ltr'>Propinant</span> <span class='ocrx_word' id='word_1_11' title='bbox 701 589 734 646; x_wconf 89' lang='lat' dir='ltr'>in</span> <span class='ocrx_word' id='word_1_12' title='bbox 748 590 845 648; x_wconf 85' lang='lat' dir='ltr'>calice.</span> 
     </span>
     <span class='ocr_line' id='line_1_5' title="bbox 480 668 806 746; baseline 0.012 -22"><span class='ocrx_word' id='word_1_13' title='bbox 480 668 660 727; x_wconf 85' lang='lat' dir='ltr'>Toxicatura</span> <span class='ocrx_word' id='word_1_14' title='bbox 674 670 806 746; x_wconf 80' lang='lat' dir='ltr'><strong>profanis</strong></span> 
     </span>
     <span class='ocr_line' id='line_1_6' title="bbox 481 750 822 828; baseline 0.009 -22"><span class='ocrx_word' id='word_1_15' title='bbox 481 750 538 806; x_wconf 90' lang='lat' dir='ltr'>Ille</span> <span class='ocrx_word' id='word_1_16' title='bbox 551 757 649 825; x_wconf 77' lang='lat' dir='ltr'>potua,</span> <span class='ocrx_word' id='word_1_17' title='bbox 662 751 714 808; x_wconf 91' lang='lat' dir='ltr'>ille</span> <span class='ocrx_word' id='word_1_18' title='bbox 728 752 822 828; x_wconf 76' lang='lat' dir='ltr'>panis,</span> 
     </span>
    </p>

    <p class='ocr_par' dir='ltr' id='par_1_4' title="bbox 479 829 928 1069">
     <span class='ocr_line' id='line_1_7' title="bbox 521 829 928 908; baseline 0.012 -21"><span class='ocrx_word' id='word_1_19' title='bbox 521 829 580 888; x_wconf 89' lang='lat' dir='ltr'>Per</span> <span class='ocrx_word' id='word_1_20' title='bbox 593 851 681 907; x_wconf 91' lang='lat' dir='ltr'>quem</span> <span class='ocrx_word' id='word_1_21' title='bbox 695 833 774 908; x_wconf 86' lang='lat' dir='ltr'>perit</span> <span class='ocrx_word' id='word_1_22' title='bbox 787 832 928 892; x_wconf 85' lang='lat' dir='ltr'>toxicum.</span> 
     </span>
     <span class='ocr_line' id='line_1_8' title="bbox 479 913 911 990; baseline 0.009 -22"><span class='ocrx_word' id='word_1_23' title='bbox 479 913 580 969; x_wconf 89' lang='lat' dir='ltr'>Ambo</span> <span class='ocrx_word' id='word_1_24' title='bbox 593 913 701 988; x_wconf 81' lang='lat' dir='ltr'>praesul</span> <span class='ocrx_word' id='word_1_25' title='bbox 714 914 911 990; x_wconf 77' lang='lat' dir='ltr'><strong>amplexatur,</strong></span> 
     </span>
     <span class='ocr_line' id='line_1_9' title="bbox 481 992 882 1069; baseline 0.005 -20"><span class='ocrx_word' id='word_1_26' title='bbox 481 992 528 1050; x_wconf 88' lang='lat' dir='ltr'>Ut</span> <span class='ocrx_word' id='word_1_27' title='bbox 541 1013 594 1069; x_wconf 90' lang='lat' dir='ltr'>per</span> <span class='ocrx_word' id='word_1_28' title='bbox 607 994 712 1050; x_wconf 80' lang='lat' dir='ltr'>vinum</span> <span class='ocrx_word' id='word_1_29' title='bbox 726 996 882 1068; x_wconf 85' lang='lat' dir='ltr'>moriatur,</span> 
     </span>
    </p>

    <p class='ocr_par' dir='ltr' id='par_1_5' title="bbox 480 1073 931 1313">
     <span class='ocr_line' id='line_1_10' title="bbox 521 1073 894 1152; baseline 0.011 -22"><span class='ocrx_word' id='word_1_30' title='bbox 521 1073 563 1131; x_wconf 84' lang='lat' dir='ltr'>Et</span> <span class='ocrx_word' id='word_1_31' title='bbox 575 1075 659 1131; x_wconf 82' lang='lat' dir='ltr'>vivat</span> <span class='ocrx_word' id='word_1_32' title='bbox 673 1094 726 1151; x_wconf 85' lang='lat' dir='ltr'>per</span> <span class='ocrx_word' id='word_1_33' title='bbox 738 1074 894 1152; x_wconf 88' lang='lat' dir='ltr'>reliquum.</span> 
     </span>
     <span class='ocr_line' id='line_1_11' title="bbox 480 1155 931 1232; baseline 0.011 -22"><span class='ocrx_word' id='word_1_34' title='bbox 480 1155 578 1227; x_wconf 86' lang='lat' dir='ltr'>Vivit,</span> <span class='ocrx_word' id='word_1_35' title='bbox 593 1156 778 1232; x_wconf 68' lang='lat' dir='ltr'>moriturque</span> <span class='ocrx_word' id='word_1_36' title='bbox 792 1157 931 1232; x_wconf 80' lang='lat' dir='ltr'>quidem3</span> 
     </span>
     <span class='ocr_line' id='line_1_12' title="bbox 481 1236 905 1313; baseline 0.009 -21"><span class='ocrx_word' id='word_1_37' title='bbox 481 1236 539 1293; x_wconf 83' lang='lat' dir='ltr'>Sed</span> <span class='ocrx_word' id='word_1_38' title='bbox 552 1255 613 1293; x_wconf 91' lang='lat' dir='ltr'>non</span> <span class='ocrx_word' id='word_1_39' title='bbox 626 1243 720 1313; x_wconf 82' lang='lat' dir='ltr'>agunt</span> <span class='ocrx_word' id='word_1_40' title='bbox 734 1237 812 1294; x_wconf 89' lang='lat' dir='ltr'>eirca</span> <span class='ocrx_word' id='word_1_41' title='bbox 825 1237 905 1296; x_wconf 91' lang='lat' dir='ltr'>idem</span> 
     </span>
    </p>

    <p class='ocr_par' dir='ltr' id='par_1_6' title="bbox 479 1316 923 1554">
     <span class='ocr_line' id='line_1_13' title="bbox 521 1316 882 1393; baseline 0.011 -20"><span class='ocrx_word' id='word_1_42' title='bbox 521 1316 713 1375; x_wconf 81' lang='lat' dir='ltr'>Fermentum</span> <span class='ocrx_word' id='word_1_43' title='bbox 727 1324 758 1375; x_wconf 88' lang='lat' dir='ltr'>et</span> <span class='ocrx_word' id='word_1_44' title='bbox 771 1338 882 1393; x_wconf 81' lang='lat' dir='ltr'>azyme.</span> 
     </span>
     <span class='ocr_line' id='line_1_14' title="bbox 480 1397 923 1474; baseline 0.011 -20"><span class='ocrx_word' id='word_1_45' title='bbox 480 1397 594 1474; x_wconf 81' lang='lat' dir='ltr'>Corpus</span> <span class='ocrx_word' id='word_1_46' title='bbox 608 1399 671 1455; x_wconf 88' lang='lat' dir='ltr'>obit</span> <span class='ocrx_word' id='word_1_47' title='bbox 684 1418 745 1474; x_wconf 82' lang='lat' dir='ltr'>pree</span> <span class='ocrx_word' id='word_1_48' title='bbox 759 1398 923 1474; x_wconf 81' lang='lat' dir='ltr'>ferment03</span> 
     </span>
     <span class='ocr_line' id='line_1_15' title="bbox 479 1479 817 1554; baseline 0.009 -20"><span class='ocrx_word' id='word_1_49' title='bbox 479 1479 661 1554; x_wconf 82' lang='lat' dir='ltr'>Azymorum</span> <span class='ocrx_word' id='word_1_50' title='bbox 675 1480 817 1537; x_wconf 84' lang='lat' dir='ltr'>alimento</span> 
     </span>
    </p>

    <p class='ocr_par' dir='ltr' id='par_1_7' title="bbox 519 1560 806 1636">
     <span class='ocr_line' id='line_1_16' title="bbox 519 1560 806 1636; baseline 0.007 -21"><span class='ocrx_word' id='word_1_51' title='bbox 519 1560 686 1636; x_wconf 85' lang='lat' dir='ltr'>Vegetatur</span> <span class='ocrx_word' id='word_1_52' title='bbox 699 1561 806 1618; x_wconf 89' lang='lat' dir='ltr'>anima.</span> 
     </span>
    </p>

    <p class='ocr_par' dir='ltr' id='par_1_8' title="bbox 479 1640 835 1798">
     <span class='ocr_line' id='line_1_17' title="bbox 479 1640 815 1714; baseline 0.009 -18"><span class='ocrx_word' id='word_1_53' title='bbox 479 1640 573 1697; x_wconf 89' lang='lat' dir='ltr'>Virus</span> <span class='ocrx_word' id='word_1_54' title='bbox 587 1641 664 1698; x_wconf 88' lang='lat' dir='ltr'>bibit</span> <span class='ocrx_word' id='word_1_55' title='bbox 677 1661 815 1714; x_wconf 88' lang='lat' dir='ltr'>nocuum,</span> 
     </span>
     <span class='ocr_line' id='line_1_18' title="bbox 479 1721 835 1798; baseline 0.003 -20"><span class='ocrx_word' id='word_1_56' title='bbox 479 1721 644 1798; x_wconf 86' lang='lat' dir='ltr'>Risumque</span> <span class='ocrx_word' id='word_1_57' title='bbox 658 1729 835 1798; x_wconf 89' lang='lat' dir='ltr'>perpetuum</span> 
     </span>
    </p>

    <p class='ocr_par' dir='ltr' id='par_1_9' title="bbox 478 1803 908 2023">
     <span class='ocr_line' id='line_1_19' title="bbox 518 1803 908 1880; baseline 0.01 -22"><span class='ocrx_word' id='word_1_58' title='bbox 518 1803 610 1860; x_wconf 82' lang='lat' dir='ltr'>Brevi</span> <span class='ocrx_word' id='word_1_59' title='bbox 626 1823 758 1860; x_wconf 78' lang='lat' dir='ltr'>mercaris</span> <span class='ocrx_word' id='word_1_60' title='bbox 772 1805 908 1880; x_wconf 85' lang='lat' dir='ltr'>lacryma</span> 
     </span>
     <span class='ocr_line' id='line_1_20' title="bbox 478 1883 869 1961; baseline 0.008 -22"><span class='ocrx_word' id='word_1_61' title='bbox 478 1883 609 1941; x_wconf 82' lang='lat' dir='ltr'>Mortem</span> <span class='ocrx_word' id='word_1_62' title='bbox 622 1885 703 1941; x_wconf 82' lang='lat' dir='ltr'>subit</span> <span class='ocrx_word' id='word_1_63' title='bbox 717 1884 869 1961; x_wconf 79' lang='lat' dir='ltr'><strong>optimam,</strong></span> 
     </span>
     <span class='ocr_line' id='line_1_21' title="bbox 478 1962 884 2023; baseline 0.005 -2"><span class='ocrx_word' id='word_1_64' title='bbox 478 1962 560 2022; x_wconf 88' lang='lat' dir='ltr'>Dum</span> <span class='ocrx_word' id='word_1_65' title='bbox 574 1966 716 2022; x_wconf 87' lang='lat' dir='ltr'>sacrando</span> <span class='ocrx_word' id='word_1_66' title='bbox 730 1965 884 2023; x_wconf 84' lang='lat' dir='ltr'>victimam</span> 
     </span>
    </p>

    <p class='ocr_par' dir='ltr' id='par_1_10' title="bbox 476 2045 1056 2284">
     <span class='ocr_line' id='line_1_22' title="bbox 518 2045 1056 2122; baseline 0.009 -21"><span class='ocrx_word' id='word_1_67' title='bbox 518 2045 569 2102; x_wconf 83' lang='lat' dir='ltr'>Fit</span> <span class='ocrx_word' id='word_1_68' title='bbox 583 2047 689 2122; x_wconf 87' lang='lat' dir='ltr'>etipse</span> <span class='ocrx_word' id='word_1_69' title='bbox 703 2047 833 2105; x_wconf 86' lang='lat' dir='ltr'>victima.</span> <span class='ocrx_word' id='word_1_70' title='bbox 1054 2112 1056 2117; x_wconf 53' lang='grc'><strong>,</strong></span> 
     </span>
     <span class='ocr_line' id='line_1_23' title="bbox 477 2126 939 2203; baseline 0.006 -20"><span class='ocrx_word' id='word_1_71' title='bbox 477 2126 503 2183; x_wconf 93' lang='grc' dir='ltr'>Ο</span> <span class='ocrx_word' id='word_1_72' title='bbox 518 2126 679 2199; x_wconf 76' lang='lat' dir='ltr'>willelme,</span> <span class='ocrx_word' id='word_1_73' title='bbox 695 2133 810 2203; x_wconf 84' lang='lat' dir='ltr'>martyr</span> <span class='ocrx_word' id='word_1_74' title='bbox 824 2127 939 2186; x_wconf 77' lang='lat' dir='ltr'>Christi</span> 
     </span>
     <span class='ocr_line' id='line_1_24' title="bbox 476 2207 904 2284; baseline 0.007 -21"><span class='ocrx_word' id='word_1_75' title='bbox 476 2207 536 2264; x_wconf 87' lang='lat' dir='ltr'>Per</span> <span class='ocrx_word' id='word_1_76' title='bbox 549 2207 684 2280; x_wconf 86' lang='lat' dir='ltr'>eundem,</span> <span class='ocrx_word' id='word_1_77' title='bbox 699 2228 787 2284; x_wconf 87' lang='lat' dir='ltr'>quem</span> <span class='ocrx_word' id='word_1_78' title='bbox 800 2210 904 2268; x_wconf 84' lang='lat' dir='ltr'>bibisti</span> 
     </span>
    </p>

    <p class='ocr_par' dir='ltr' id='par_1_11' title="bbox 516 2288 805 2362">
     <span class='ocr_line' id='line_1_25' title="bbox 516 2288 805 2362; baseline 0.003 -16"><span class='ocrx_word' id='word_1_79' title='bbox 516 2288 661 2346; x_wconf 76' lang='lat' dir='ltr'>Salutaris</span> <span class='ocrx_word' id='word_1_80' title='bbox 675 2290 805 2362; x_wconf 85' lang='lat' dir='ltr'>calicem,</span> 
     </span>
    </p>

    <p class='ocr_par' dir='ltr' id='par_1_12' title="bbox 476 2369 914 2609">
     <span class='ocr_line' id='line_1_26' title="bbox 476 2369 914 2444; baseline 0.005 -18"><span class='ocrx_word' id='word_1_81' title='bbox 476 2369 534 2427; x_wconf 87' lang='lat' dir='ltr'>Fer</span> <span class='ocrx_word' id='word_1_82' title='bbox 547 2370 677 2427; x_wconf 82' lang='lat' dir='ltr'>solamen</span> <span class='ocrx_word' id='word_1_83' title='bbox 691 2371 802 2428; x_wconf 87' lang='lat' dir='ltr'>mundo</span> <span class='ocrx_word' id='word_1_84' title='bbox 815 2371 914 2444; x_wconf 82' lang='lat' dir='ltr'>trieti3</span> 
     </span>
     <span class='ocr_line' id='line_1_27' title="bbox 476 2452 868 2528; baseline 0.005 -20"><span class='ocrx_word' id='word_1_85' title='bbox 476 2452 516 2508; x_wconf 76' lang='lat' dir='ltr'>Et</span> <span class='ocrx_word' id='word_1_86' title='bbox 530 2471 618 2527; x_wconf 88' lang='lat' dir='ltr'>quem</span> <span class='ocrx_word' id='word_1_87' title='bbox 633 2452 690 2508; x_wconf 89' lang='lat' dir='ltr'>tibi</span> <span class='ocrx_word' id='word_1_88' title='bbox 704 2453 868 2528; x_wconf 83' lang='lat' dir='ltr'>placavisti,</span> 
     </span>
     <span class='ocr_line' id='line_1_28' title="bbox 516 2528 863 2609; baseline 0.003 -19"><span class='ocrx_word' id='word_1_89' title='bbox 516 2528 611 2590; x_wconf 86' lang='lat' dir='ltr'>Nobis</span> <span class='ocrx_word' id='word_1_90' title='bbox 624 2533 709 2609; x_wconf 84' lang='lat' dir='ltr'>placa</span> <span class='ocrx_word' id='word_1_91' title='bbox 723 2533 863 2609; x_wconf 84' lang='lat' dir='ltr'>judicem.</span> 
     </span>
    </p>
   </div>
   <div class='ocr_carea' id='block_1_3' title="bbox 180 2751 1214 2831">
    <p class='ocr_par' dir='ltr' id='par_1_13' title="bbox 180 2751 1214 2831">
     <span class='ocr_line' id='line_1_29' title="bbox 180 2751 1214 2831; baseline 0.008 -19"><span class='ocrx_word' id='word_1_92' title='bbox 180 2753 229 2813; x_wconf 84' lang='lat' dir='ltr'>Vel</span> <span class='ocrx_word' id='word_1_93' title='bbox 239 2755 372 2830; x_wconf 75' lang='lat' dir='ltr'>finiatur</span> <span class='ocrx_word' id='word_1_94' title='bbox 386 2754 550 2831; x_wconf 75' lang='lat' dir='ltr'>praecedens</span> <span class='ocrx_word' id='word_1_95' title='bbox 563 2751 720 2828; x_wconf 75' lang='lat' dir='ltr'>Sequentia</span> <span class='ocrx_word' id='word_1_96' title='bbox 732 2755 891 2812; x_wconf 76' lang='lat' dir='ltr'>secuudum</span> <span class='ocrx_word' id='word_1_97' title='bbox 904 2756 1046 2831; x_wconf 77' lang='lat' dir='ltr'>qaoedcsm</span> <span class='ocrx_word' id='word_1_98' title='bbox 1058 2756 1110 2818; x_wconf 68' lang='lat' dir='ltr'>lucc</span> <span class='ocrx_word' id='word_1_99' title='bbox 1122 2761 1214 2820; x_wconf 81' lang='lat' dir='ltr'>moda</span> 
     </span>
    </p>
   </div>
   <div class='ocr_carea' id='block_1_4' title="bbox 471 2860 918 4557">
    <p class='ocr_par' dir='ltr' id='par_1_14' title="bbox 471 2860 918 4557">
     <span class='ocr_line' id='line_1_30' title="bbox 471 2860 853 2918; baseline 0 0"><span class='ocrx_word' id='word_1_100' title='bbox 471 2862 513 2918; x_wconf 56' lang='lat' dir='ltr'>vIn</span> <span class='ocrx_word' id='word_1_101' title='bbox 528 2860 650 2918; x_wconf 75' lang='lat' dir='ltr'>Octavia</span> <span class='ocrx_word' id='word_1_102' title='bbox 664 2861 853 2918; x_wconf 78' lang='lat' dir='ltr'>Pentecostee</span> 
     </span>
     <span class='ocr_line' id='line_1_31' title="bbox 478 2942 918 3013; baseline 0.002 -14"><span class='ocrx_word' id='word_1_103' title='bbox 478 2942 522 2999; x_wconf 86' lang='lat' dir='ltr'>Ut</span> <span class='ocrx_word' id='word_1_104' title='bbox 535 2947 596 2998; x_wconf 85' lang='lat' dir='ltr'>tres</span> <span class='ocrx_word' id='word_1_105' title='bbox 609 2948 687 2998; x_wconf 86' lang='lat' dir='ltr'>terat</span> <span class='ocrx_word' id='word_1_106' title='bbox 700 2948 797 2999; x_wconf 80' lang='lat' dir='ltr'>truces</span> <span class='ocrx_word' id='word_1_107' title='bbox 810 2942 918 3013; x_wconf 69' lang='lat' dir='ltr'>hoster,</span> 
     </span>
     <span class='ocr_line' id='line_1_32' title="bbox 514 3022 818 3080; baseline 0.007 -2"><span class='ocrx_word' id='word_1_108' title='bbox 514 3022 693 3079; x_wconf 85' lang='lat' dir='ltr'>Trinitatem</span> <span class='ocrx_word' id='word_1_109' title='bbox 707 3023 818 3080; x_wconf 80' lang='lat' dir='ltr'>hostiis.</span> 
     </span>
     <span class='ocr_line' id='line_1_33' title="bbox 475 3103 875 3180; baseline 0.003 -20"><span class='ocrx_word' id='word_1_110' title='bbox 475 3103 579 3161; x_wconf 81' lang='lat' dir='ltr'>Placet</span> <span class='ocrx_word' id='word_1_111' title='bbox 592 3109 708 3179; x_wconf 85' lang='lat' dir='ltr'>petrem</span> <span class='ocrx_word' id='word_1_112' title='bbox 721 3104 771 3180; x_wconf 89' lang='lat' dir='ltr'>pio</span> <span class='ocrx_word' id='word_1_113' title='bbox 785 3111 875 3177; x_wconf 81' lang='lat' dir='ltr'>nat03</span> 
     </span>
     <span class='ocr_line' id='line_1_34' title="bbox 474 3185 866 3257; baseline 0.008 -18"><span class='ocrx_word' id='word_1_114' title='bbox 474 3185 575 3241; x_wconf 89' lang='lat' dir='ltr'>Verbo</span> <span class='ocrx_word' id='word_1_115' title='bbox 589 3189 675 3241; x_wconf 85' lang='lat' dir='ltr'>vacat</span> <span class='ocrx_word' id='word_1_116' title='bbox 691 3203 772 3257; x_wconf 86' lang='lat' dir='ltr'>voce,</span> <span class='ocrx_word' id='word_1_117' title='bbox 786 3190 866 3256; x_wconf 82' lang='lat' dir='ltr'>voto,</span> 
     </span>
     <span class='ocr_line' id='line_1_35' title="bbox 514 3265 876 3341; baseline 0.006 -20"><span class='ocrx_word' id='word_1_118' title='bbox 514 3265 606 3322; x_wconf 87' lang='lat' dir='ltr'>Flatu</span> <span class='ocrx_word' id='word_1_119' title='bbox 620 3265 726 3341; x_wconf 84' lang='lat' dir='ltr'>flagrat</span> <span class='ocrx_word' id='word_1_120' title='bbox 739 3265 876 3323; x_wconf 83' lang='lat' dir='ltr'>flaminia</span> 
     </span>
     <span class='ocr_line' id='line_1_36' title="bbox 473 3346 912 3404; baseline 0.002 -1"><span class='ocrx_word' id='word_1_121' title='bbox 473 3346 546 3403; x_wconf 81' lang='lat' dir='ltr'>Post</span> <span class='ocrx_word' id='word_1_122' title='bbox 558 3346 715 3404; x_wconf 84' lang='lat' dir='ltr'>missarum</span> <span class='ocrx_word' id='word_1_123' title='bbox 729 3353 912 3404; x_wconf 82' lang='lat' dir='ltr'>sacramenta</span> 
     </span>
     <span class='ocr_line' id='line_1_37' title="bbox 474 3427 796 3503; baseline -0.003 -18"><span class='ocrx_word' id='word_1_124' title='bbox 474 3427 638 3503; x_wconf 83' lang='lat' dir='ltr'>Epularum</span> <span class='ocrx_word' id='word_1_125' title='bbox 652 3427 796 3484; x_wconf 81' lang='lat' dir='ltr'>alimenta</span> 
     </span>
     <span class='ocr_line' id='line_1_38' title="bbox 514 3508 883 3584; baseline 0.003 -19"><span class='ocrx_word' id='word_1_126' title='bbox 514 3508 620 3566; x_wconf 84' lang='lat' dir='ltr'>Pastor</span> <span class='ocrx_word' id='word_1_127' title='bbox 636 3509 746 3584; x_wconf 82' lang='lat' dir='ltr'>praebet</span> <span class='ocrx_word' id='word_1_128' title='bbox 759 3508 883 3566; x_wconf 87' lang='lat' dir='ltr'>ovibus:</span> 
     </span>
     <span class='ocr_line' id='line_1_39' title="bbox 473 3589 829 3664; baseline 0 -18"><span class='ocrx_word' id='word_1_129' title='bbox 473 3590 559 3646; x_wconf 77' lang='lat' dir='ltr'>Fora</span> <span class='ocrx_word' id='word_1_130' title='bbox 571 3590 651 3646; x_wconf 81' lang='lat' dir='ltr'>febre</span> <span class='ocrx_word' id='word_1_131' title='bbox 665 3589 810 3664; x_wconf 84' lang='lat' dir='ltr'>fatigatur</span> <span class='ocrx_word' id='word_1_132' title='bbox 820 3610 829 3662; x_wconf 80' lang='lat'>3</span> 
     </span>
     <span class='ocr_line' id='line_1_40' title="bbox 473 3670 918 3747; baseline 0 -20"><span class='ocrx_word' id='word_1_133' title='bbox 473 3671 601 3746; x_wconf 81' lang='lat' dir='ltr'>Tempus</span> <span class='ocrx_word' id='word_1_134' title='bbox 614 3670 708 3727; x_wconf 83' lang='lat' dir='ltr'>instat</span> <span class='ocrx_word' id='word_1_135' title='bbox 720 3676 756 3727; x_wconf 86' lang='lat' dir='ltr'>ut</span> <span class='ocrx_word' id='word_1_136' title='bbox 772 3670 918 3747; x_wconf 83' lang='lat' dir='ltr'>jungatur</span> 
     </span>
     <span class='ocr_line' id='line_1_41' title="bbox 514 3751 857 3810; baseline 0.006 -2"><span class='ocrx_word' id='word_1_137' title='bbox 514 3751 643 3808; x_wconf 82' lang='lat' dir='ltr'>Summis</span> <span class='ocrx_word' id='word_1_138' title='bbox 657 3751 721 3808; x_wconf 85' lang='lat' dir='ltr'>caeli</span> <span class='ocrx_word' id='word_1_139' title='bbox 735 3751 857 3810; x_wconf 78' lang='lat' dir='ltr'>civibus,</span> 
     </span>
     <span class='ocr_line' id='line_1_42' title="bbox 474 3831 842 3904; baseline 0 -15"><span class='ocrx_word' id='word_1_140' title='bbox 474 3832 556 3904; x_wconf 85' lang='lat' dir='ltr'>Ossa,</span> <span class='ocrx_word' id='word_1_141' title='bbox 571 3832 684 3902; x_wconf 88' lang='lat' dir='ltr'>tumba,</span> <span class='ocrx_word' id='word_1_142' title='bbox 699 3831 842 3890; x_wconf 85' lang='lat' dir='ltr'>feretrum</span> 
     </span>
     <span class='ocr_line' id='line_1_43' title="bbox 474 3912 848 3986; baseline 0.003 -17"><span class='ocrx_word' id='word_1_143' title='bbox 474 3912 597 3969; x_wconf 84' lang='lat' dir='ltr'>Sacrum</span> <span class='ocrx_word' id='word_1_144' title='bbox 610 3913 718 3970; x_wconf 85' lang='lat' dir='ltr'>sudant</span> <span class='ocrx_word' id='word_1_145' title='bbox 732 3913 848 3986; x_wconf 79' lang='lat' dir='ltr'>oleum3</span> 
     </span>
     <span class='ocr_line' id='line_1_44' title="bbox 514 3993 827 4052; baseline 0.003 -1"><span class='ocrx_word' id='word_1_146' title='bbox 514 3993 561 4051; x_wconf 91' lang='lat' dir='ltr'>Ut</span> <span class='ocrx_word' id='word_1_147' title='bbox 573 4013 674 4051; x_wconf 86' lang='lat' dir='ltr'>aroma</span> <span class='ocrx_word' id='word_1_148' title='bbox 687 3994 827 4052; x_wconf 86' lang='lat' dir='ltr'>redolent.</span> 
     </span>
     <span class='ocr_line' id='line_1_45' title="bbox 473 4075 832 4150; baseline 0.003 -19"><span class='ocrx_word' id='word_1_149' title='bbox 473 4075 595 4149; x_wconf 56' lang='lat' dir='ltr'>Carpum</span> <span class='ocrx_word' id='word_1_150' title='bbox 611 4076 698 4132; x_wconf 85' lang='lat' dir='ltr'>carbo</span> <span class='ocrx_word' id='word_1_151' title='bbox 712 4075 832 4150; x_wconf 86' lang='lat' dir='ltr'>pariter,</span> 
     </span>
     <span class='ocr_line' id='line_1_46' title="bbox 473 4155 807 4232; baseline 0.006 -21"><span class='ocrx_word' id='word_1_152' title='bbox 473 4155 566 4232; x_wconf 81' lang='lat' dir='ltr'>Ignis,</span> <span class='ocrx_word' id='word_1_153' title='bbox 581 4162 677 4213; x_wconf 85' lang='lat' dir='ltr'>vestes</span> <span class='ocrx_word' id='word_1_154' title='bbox 693 4156 807 4231; x_wconf 86' lang='lat' dir='ltr'>jugiter</span> 
     </span>
     <span class='ocr_line' id='line_1_47' title="bbox 514 4236 838 4313; baseline 0.006 -21"><span class='ocrx_word' id='word_1_155' title='bbox 514 4236 637 4293; x_wconf 84' lang='lat' dir='ltr'>Illibata</span> <span class='ocrx_word' id='word_1_156' title='bbox 656 4243 838 4313; x_wconf 85' lang='lat' dir='ltr'>permanent.</span> 
     </span>
     <span class='ocr_line' id='line_1_48' title="bbox 471 4317 787 4390; baseline 0 -15"><span class='ocrx_word' id='word_1_157' title='bbox 471 4317 562 4375; x_wconf 84' lang='lat' dir='ltr'>Justo</span> <span class='ocrx_word' id='word_1_158' title='bbox 576 4318 662 4374; x_wconf 88' lang='lat' dir='ltr'>vellit</span> <span class='ocrx_word' id='word_1_159' title='bbox 680 4318 787 4390; x_wconf 87' lang='lat' dir='ltr'>oculos,</span> 
     </span>
     <span class='ocr_line' id='line_1_49' title="bbox 472 4398 829 4474; baseline 0.006 -19"><span class='ocrx_word' id='word_1_160' title='bbox 472 4398 554 4468; x_wconf 81' lang='lat' dir='ltr'>Quos</span> <span class='ocrx_word' id='word_1_161' title='bbox 571 4398 646 4474; x_wconf 85' lang='lat' dir='ltr'>jacit</span> <span class='ocrx_word' id='word_1_162' title='bbox 659 4400 692 4455; x_wconf 90' lang='lat' dir='ltr'>in</span> <span class='ocrx_word' id='word_1_163' title='bbox 706 4399 829 4474; x_wconf 82' lang='lat' dir='ltr'>populos</span> 
     </span>
     <span class='ocr_line' id='line_1_50' title="bbox 513 4479 825 4557; baseline 0.013 -21"><span class='ocrx_word' id='word_1_164' title='bbox 513 4479 628 4557; x_wconf 81' lang='lat' dir='ltr'>Pugilis</span> <span class='ocrx_word' id='word_1_165' title='bbox 648 4480 825 4540; x_wconf 79' lang='lat' dir='ltr'>immanitas.</span> 
     </span>
    </p>
   </div>
   <div class='ocr_carea' id='block_1_5' title="bbox 0 0 1460 4904">
    <p class='ocr_par' dir='ltr' id='par_1_15' title="bbox 0 0 1460 4904">
     <span class='ocr_line' id='line_1_51' title="bbox 0 0 1460 4904; baseline 0 2"><span class='ocrx_word' id='word_1_166' title='bbox 0 0 1460 4904; x_wconf 95' lang='lat' dir='ltr'> </span> 
     </span>
    </p>
   </div>
  </div>
 </body>
</html>
