2910 4904
629 277 726 344 Festa
747 276 851 344 Jata't.
1298 281 1339 346 65

191 519 321 578 smera
341 518 557 594 Menelaum,
579 536 719 579 macnus
740 536 778 577 11
798 536 960 580 1111111111.
1005 519 1081 600 (xiii.
1104 520 1175 579 Kal.
1197 521 1291 600 Aug.)

199 679 341 754 Officium.
384 679 547 757 Loquebar.

199 759 308 819 Oratio.

196 841 288 914 Deus,
304 841 359 919 qui
369 842 487 899 beatam
500 841 702 918 Margaretam
714 839 862 918 virginem
875 846 959 898 tuam
972 840 1118 899 hodierna
1135 841 1182 899 die
1199 841 1238 900 ad
1255 844 1340 902 caelos

132 941 188 998 per
200 923 338 999 martyrii
351 922 478 999 palmam
495 923 596 980 venire
614 922 728 995 fecisti3
758 922 883 979 concede
904 922 1000 994 nobis,
1023 941 1199 999 quaesumus,
1217 928 1253 982 ut
1275 925 1339 1001 ejus

132 1003 272 1080 exempla
285 1009 449 1080 sequentes,
464 1003 502 1061 ad
517 1011 547 1061 te
560 1003 715 1080 pervenire
728 1022 900 1061 mereamur.
944 1002 1004 1061 Per
1017 1003 1188 1063 Dominum.

195 1084 340 1160 Epistola.
385 1085 445 1154 Qui
464 1085 617 1161 gloriatur.

198 1164 333 1223 Gradele.
377 1165 479 1241 Specie
498 1171 558 1224 tua.

194 1246 346 1323 Alleluya.
395 1245 586 1304 KAEmulor
605 1245 693 1303 enim.

194 1325 362 1402 Sequentia.
405 1327 607 1397 Exsultemus,
628 1336 664 1384 at
683 1327 717 1383 ia
739 1324 905 1385 Communi.

193 1407 398 1483 Eooaqeliam.
442 1408 545 1465 Simile
566 1413 611 1465 est
631 1427 755 1484 regnum
776 1407 913 1465 coelorum
934 1407 1080 1466 thesauro.

196 1489 390 1564 Offlrtoriam.
435 1488 519 1546 Filiae
539 1508 650 1566 regum.

194 1569 317 1629 Secreta

195 1651 273 1709 Haec
293 1650 444 1721 munera*
462 1650 600 1722 Domine,
624 1670 798 1727 quaesumus,
821 1669 875 1726 pro
898 1651 991 1708 beatae
1013 1649 1138 1727 virginis
1160 1650 1337 1728 Margaretae

131 1733 275 1808 martyris
292 1731 400 1803 oblata,
418 1738 449 1789 et
466 1732 612 1788 mentium
632 1732 719 1789 nobis
742 1732 983 1790 sanctitatem
953 1737 983 1790 e
1005 1751 1160 1825 corporum
1183 1733 1337 1791 obtineant

130 1814 330 1871 sanctitatem.
373 1776 431 1870 P'er
451 1813 623 1872 Dominum

195 1893 376 1952 Commutato.
421 1893 538 1950 Diffusa
557 1899 609 1951 est

193 1974 439 2033 Posteommaaio

193 2056 307 2132 Hujus,
322 2055 460 2125 Domine,
474 2054 650 2112 sacramenti
663 2054 850 2132 perceptione
863 2060 895 2112 et
909 2056 1002 2112 beatae
1017 2055 1194 2132 Margaretae
1211 2057 1336 2133 virginis

130 2142 191 2193 tuae
213 2136 423 2194 intercessione
446 2142 479 2192 tu
501 2136 535 2192 in
558 2135 643 2193 nobis
667 2155 787 2194 manere
814 2136 944 2214 dignare,
970 2143 1000 2194 et
1024 2156 1078 2195 nos
1098 2137 1131 2193 in
1152 2143 1183 2195 te
1205 2138 1335 2196 vicissim

130 2237 251 2276 manere
265 2217 396 2277 concede.
439 2217 506 2274 Per.

206 2498 337 2557 smera
355 2496 524 2568 Puaxnms,
546 2510 684 2553 maenus
705 2511 768 2554 ror
789 2511 950 2552 nsarrars.
996 2494 1059 2571 (xii.
1083 2494 1153 2552 Kal.
1176 2495 1269 2573 Aug.)

192 2662 335 2738 Officium.
378 2659 523 2718 Dilexisti
538 2658 697 2736 justitiam.
781 2679 783 2683 ⁴

193 2744 305 2803 Oratio

190 2826 248 2896 Da,
273 2841 450 2900 quaesumus,
473 2821 659 2915 omnipotens
683 2821 775 2893 Deus,
797 2828 834 2878 ut
857 2821 909 2898 qui
928 2821 1022 2878 beatae
1043 2820 1189 2880 Praxedis
1209 2822 1334 2901 virginis

125 2916 187 2966 tuae
201 2905 342 2963 natalitia
355 2904 486 2976 colimus,
502 2903 579 2960 sicut
592 2922 691 2960 annua
705 2902 903 2960 sollemnitate
920 2901 1063 2976 laetamur,
1080 2903 1122 2961 sic
1140 2909 1232 2961 tantae
1253 2904 1335 2963 illius

126 2989 198 3049 fidei
212 2987 400 3064 proficiamus
413 2984 554 3060 exemplo.
599 2982 665 3040 Per.

188 3067 334 3144 Epistola.
378 3066 530 3141 Sapientia
549 3063 644 3121 vincit
664 3063 817 3122 malitiam.

191 3149 329 3208 Gradole
373 3146 514 3204 Dilexisti
530 3145 689 3223 justitiam.

188 3231 342 3306 Alleluya.
392 3228 421 3286 V.
445 3226 546 3302 Specie
566 3232 650 3283 tuas

187 3311 391 3386 Eooaqelc'am.
435 3308 537 3365 Simile
550 3312 596 3363 est
609 3326 732 3382 regnum
746 3305 884 3399 caelorum
897 3306 997 3364 decem
1011 3306 1184 3384 virginibus

190 3392 385 3468 offortorium.
429 3389 608 3459 Offerentur,
630 3387 736 3444 minua

189 3474 313 3532 Secreto

190 3556 323 3631 Suscipe,
342 3570 518 3629 quaesumus,
538 3548 676 3621 Domine,
701 3549 738 3606 ob
752 3548 893 3607 honorem
911 3554 1020 3607 sanctae
1042 3549 1186 3607 Praxedis
1205 3551 1331 3628 virginis

127 3645 186 3695 tuae
211 3654 322 3693 munus
349 3633 491 3703 oblatum,
517 3637 546 3688 et
574 3631 653 3706 quod
679 3630 789 3686 nostris
815 3631 930 3706 assequi
957 3630 1072 3688 meritis
1099 3651 1160 3691 non
1187 3631 1327 3705 valemus,

127 3718 261 3794 ejusdem
274 3713 504 3791 suffragantibus
516 3713 631 3769 meritis
644 3711 750 3786 largire
763 3711 916 3786 propitius.
959 3711 1025 3770 Per.

189 3797 374 3858 Oornmaoo‘o
417 3793 519 3852 Simile
539 3799 583 3850 est
604 3811 734 3869 regnum.

188 3875 453 3941 Pocteommaaio.†

190 3961 321 4031 Satiasti,
337 3957 474 4028 Domine,
488 3955 632 4012 familiam
646 3959 730 4010 tuam
746 3953 917 4011 muneribus
934 3954 1023 4011 sacris
1032 3975 1041 4026 3
1062 3956 1133 4030 ejus,
1150 3975 1326 4031 quaesumus,

129 4062 241 4119 semper
271 4039 490 4097 interventione
517 4056 571 4094 nos
597 4035 704 4107 refove,
731 4035 815 4110 cujus
841 4035 994 4092 sollemnia
1021 4035 1207 4094 celebramus.
1271 4037 1329 4094 Per

131 4125 301 4182 Dominum.

188 4276 201 4301 ¹
216 4268 567 4320 MSS—Victima—obtineat.

186 4351 200 4412 †
215 4351 267 4396 MS.
279 4349 432 4394 D.-Sancta
441 4351 484 4391 tua
493 4358 545 4400 nos,
556 4342 666 4398 Domine,
678 4355 821 4400 quaesumus,
833 4344 921 4411 sanctae
932 4341 1048 4388 Praxedis
1062 4341 1165 4399 virginis
1174 4347 1223 4388 tuae
1237 4344 1329 4392 meritis

132 4410 318 4468 suffragantibus
328 4411 353 4455 et
363 4422 377 4454 a
389 4405 495 4467 peccatis
505 4403 617 4450 omnibus
627 4406 724 4458 exuant,
735 4406 759 4448 et
769 4402 799 4448 ad
809 4402 914 4448 calestra
923 4415 998 4460 regna
1006 4401 1144 4461 perducant.
1176 4402 1229 4448 Per.

185 4501 251 4543 VOL.
267 4499 303 4542 11.
699 4492 718 4534 1³
