<?xml version="1.0" encoding="UTF-8"?>
<!DOCTYPE html PUBLIC "-//W3C//DTD XHTML 1.0 Transitional//EN"
    "http://www.w3.org/TR/xhtml1/DTD/xhtml1-transitional.dtd">
<html xmlns="http://www.w3.org/1999/xhtml" xml:lang="en" lang="en">
 <head>
  <title>
</title>
<meta http-equiv="Content-Type" content="text/html;charset=utf-8" />
  <meta name='ocr-system' content='tesseract 3.04.00' />
  <meta name='ocr-capabilities' content='ocr_page ocr_carea ocr_par ocr_line ocrx_word'/>
</head>
<body>
  <div class='ocr_page' id='page_1' title='image "./missaleadusumin01churgoog_0032.png"; bbox 0 0 2910 4904; ppageno 0'>
   <div class='ocr_carea' id='block_1_1' title="bbox 565 306 888 372">
    <p class='ocr_par' dir='ltr' id='par_1_1' title="bbox 565 306 888 372">
     <span class='ocr_line' id='line_1_1' title="bbox 565 306 888 372; baseline 0.003 -2"><span class='ocrx_word' id='word_1_1' title='bbox 565 307 661 372; x_wconf 81' lang='lat' dir='ltr'><strong>Festo</strong></span> <span class='ocrx_word' id='word_1_2' title='bbox 682 306 888 372; x_wconf 76' lang='lat' dir='ltr'><strong>Nouembris.</strong></span> 
     </span>
    </p>
   </div>
   <div class='ocr_carea' id='block_1_2' title="bbox 180 471 1322 2794">
    <p class='ocr_par' dir='ltr' id='par_1_2' title="bbox 180 471 1322 2794">
     <span class='ocr_line' id='line_1_2' title="bbox 186 471 347 547; baseline 0 -17"><span class='ocrx_word' id='word_1_3' title='bbox 186 471 347 547; x_wconf 70' lang='lat' dir='ltr'><strong><em>Sequentia.</em></strong></span> 
     </span>
     <span class='ocr_line' id='line_1_3' title="bbox 246 553 939 630; baseline 0.004 -21"><span class='ocrx_word' id='word_1_4' title='bbox 246 553 436 611; x_wconf 68' lang='lat' dir='ltr'><strong>sacrosancta</strong></span> <span class='ocrx_word' id='word_1_5' title='bbox 448 554 597 612; x_wconf 87' lang='lat' dir='ltr'><strong>hodiernae</strong></span> <span class='ocrx_word' id='word_1_6' title='bbox 610 554 782 612; x_wconf 72' lang='lat' dir='ltr'><strong>festivitatis</strong></span> <span class='ocrx_word' id='word_1_7' title='bbox 794 555 939 630; x_wconf 89' lang='lat' dir='ltr'><strong>praeconia</strong></span> 
     </span>
     <span class='ocr_line' id='line_1_4' title="bbox 246 633 933 710; baseline 0.004 -20"><span class='ocrx_word' id='word_1_8' title='bbox 246 633 346 709; x_wconf 80' lang='lat' dir='ltr'>Digna</span> <span class='ocrx_word' id='word_1_9' title='bbox 359 634 445 692; x_wconf 89' lang='lat' dir='ltr'><strong>laude</strong></span> <span class='ocrx_word' id='word_1_10' title='bbox 458 637 595 692; x_wconf 87' lang='lat' dir='ltr'><strong>universa</strong></span> <span class='ocrx_word' id='word_1_11' title='bbox 609 635 782 710; x_wconf 84' lang='lat' dir='ltr'><strong>categorizet</strong></span> <span class='ocrx_word' id='word_1_12' title='bbox 795 636 933 702; x_wconf 81' lang='lat' dir='ltr'>Ecclesia,</span> 
     </span>
     <span class='ocr_line' id='line_1_5' title="bbox 180 710 1079 776; baseline 0.006 -5"><span class='ocrx_word' id='word_1_13' title='bbox 180 710 184 717; x_wconf 76' lang='grc'><strong>’</strong></span> <span class='ocrx_word' id='word_1_14' title='bbox 247 711 402 772; x_wconf 79' lang='lat' dir='ltr'><strong>Mitissimi</strong></span> <span class='ocrx_word' id='word_1_15' title='bbox 415 722 582 772; x_wconf 84' lang='lat' dir='ltr'><strong>sanctorum</strong></span> <span class='ocrx_word' id='word_1_16' title='bbox 596 716 778 773; x_wconf 88' lang='lat' dir='ltr'><strong>sanctissima</strong></span> <span class='ocrx_word' id='word_1_17' title='bbox 792 717 959 774; x_wconf 84' lang='lat' dir='ltr'><strong>extollendo</strong></span> <span class='ocrx_word' id='word_1_18' title='bbox 973 717 1079 776; x_wconf 84' lang='lat' dir='ltr'><strong>merita</strong></span> 
     </span>
     <span class='ocr_line' id='line_1_6' title="bbox 245 797 1040 874; baseline 0.006 -23"><span class='ocrx_word' id='word_1_19' title='bbox 245 797 384 872; x_wconf 80' lang='lat' dir='ltr'><strong>Apostoli</strong></span> <span class='ocrx_word' id='word_1_20' title='bbox 396 797 525 854; x_wconf 87' lang='lat' dir='ltr'><strong>Andreae</strong></span> <span class='ocrx_word' id='word_1_21' title='bbox 539 797 710 854; x_wconf 88' lang='lat' dir='ltr'><strong>admiranda</strong></span> <span class='ocrx_word' id='word_1_22' title='bbox 723 798 924 874; x_wconf 70' lang='lat' dir='ltr'><strong>praefulgentis</strong></span> <span class='ocrx_word' id='word_1_23' title='bbox 937 800 1040 874; x_wconf 87' lang='lat' dir='ltr'><strong>gratia.</strong></span> 
     </span>
     <span class='ocr_line' id='line_1_7' title="bbox 246 877 779 953; baseline 0.004 -21"><span class='ocrx_word' id='word_1_24' title='bbox 246 877 307 934; x_wconf 90' lang='lat' dir='ltr'><strong>Hic</strong></span> <span class='ocrx_word' id='word_1_25' title='bbox 321 884 438 953; x_wconf 87' lang='lat' dir='ltr'><strong>accepto</strong></span> <span class='ocrx_word' id='word_1_26' title='bbox 452 899 470 934; x_wconf 91' lang='lat' dir='ltr'><strong>a</strong></span> <span class='ocrx_word' id='word_1_27' title='bbox 483 879 504 936; x_wconf 90' lang='lat' dir='ltr'><strong>J</strong></span> <span class='ocrx_word' id='word_1_28' title='bbox 506 879 621 934; x_wconf 87' lang='lat' dir='ltr'><strong>ohanne</strong></span> <span class='ocrx_word' id='word_1_29' title='bbox 635 878 779 953; x_wconf 81' lang='lat' dir='ltr'><strong>Baptista,</strong></span> 
     </span>
     <span class='ocr_line' id='line_1_8' title="bbox 247 957 806 1035; baseline 0.004 -21"><span class='ocrx_word' id='word_1_30' title='bbox 247 957 332 1026; x_wconf 79' lang='lat' dir='ltr'><strong>Quod</strong></span> <span class='ocrx_word' id='word_1_31' title='bbox 346 959 473 1015; x_wconf 84' lang='lat' dir='ltr'><strong>venisset</strong></span> <span class='ocrx_word' id='word_1_32' title='bbox 486 960 539 1035; x_wconf 90' lang='lat' dir='ltr'><strong>qui</strong></span> <span class='ocrx_word' id='word_1_33' title='bbox 551 960 668 1016; x_wconf 89' lang='lat' dir='ltr'><strong>tolleret</strong></span> <span class='ocrx_word' id='word_1_34' title='bbox 680 966 806 1035; x_wconf 89' lang='lat' dir='ltr'><strong>peccata,</strong></span> 
     </span>
     <span class='ocr_line' id='line_1_9' title="bbox 246 1038 1001 1117; baseline 0.003 -23"><span class='ocrx_word' id='word_1_35' title='bbox 246 1038 321 1095; x_wconf 89' lang='lat' dir='ltr'><strong>Mox</strong></span> <span class='ocrx_word' id='word_1_36' title='bbox 335 1041 397 1114; x_wconf 85' lang='lat' dir='ltr'><strong>ejus</strong></span> <span class='ocrx_word' id='word_1_37' title='bbox 411 1040 526 1097; x_wconf 88' lang='lat' dir='ltr'><strong>intrans</strong></span> <span class='ocrx_word' id='word_1_38' title='bbox 539 1040 705 1097; x_wconf 87' lang='lat' dir='ltr'><strong>habitacula</strong></span> <span class='ocrx_word' id='word_1_39' title='bbox 714 1040 852 1096; x_wconf 85' lang='lat' dir='ltr'><strong>audiebat</strong></span> <span class='ocrx_word' id='word_1_40' title='bbox 865 1041 982 1117; x_wconf 88' lang='lat' dir='ltr'><strong>eloquia</strong></span> <span class='ocrx_word' id='word_1_41' title='bbox 993 1060 1001 1111; x_wconf 93' lang='lat'>3</span> 
     </span>
     <span class='ocr_line' id='line_1_10' title="bbox 247 1119 777 1196; baseline 0.006 -22"><span class='ocrx_word' id='word_1_42' title='bbox 247 1119 433 1196; x_wconf 88' lang='lat' dir='ltr'><strong>Inventoque</strong></span> <span class='ocrx_word' id='word_1_43' title='bbox 448 1122 538 1178; x_wconf 87' lang='lat' dir='ltr'><strong>fratre</strong></span> <span class='ocrx_word' id='word_1_44' title='bbox 552 1141 604 1178; x_wconf 90' lang='lat' dir='ltr'><strong>suo</strong></span> <span class='ocrx_word' id='word_1_45' title='bbox 619 1121 777 1191; x_wconf 88' lang='lat' dir='ltr'><strong>Bar-Jona,</strong></span> 
     </span>
     <span class='ocr_line' id='line_1_11' title="bbox 248 1199 775 1273; baseline 0.004 -18"><span class='ocrx_word' id='word_1_46' title='bbox 248 1199 428 1273; x_wconf 67' lang='lat' dir='ltr'><strong>Invenimus</strong></span> <span class='ocrx_word' id='word_1_47' title='bbox 444 1203 487 1258; x_wconf 89' lang='lat' dir='ltr'><strong>ait</strong></span> <span class='ocrx_word' id='word_1_48' title='bbox 501 1222 599 1273; x_wconf 88' lang='lat' dir='ltr'><strong>ovans,</strong></span> <span class='ocrx_word' id='word_1_49' title='bbox 616 1202 755 1258; x_wconf 81' lang='lat' dir='ltr'><strong>Messi-am</strong></span> <span class='ocrx_word' id='word_1_50' title='bbox 768 1223 775 1273; x_wconf 87' lang='lat'>3</span> 
     </span>
     <span class='ocr_line' id='line_1_12' title="bbox 247 1280 1110 1358; baseline 0.003 -22"><span class='ocrx_word' id='word_1_51' title='bbox 247 1280 287 1336; x_wconf 88' lang='lat' dir='ltr'><strong>Et</strong></span> <span class='ocrx_word' id='word_1_52' title='bbox 300 1281 389 1338; x_wconf 76' lang='lat' dir='ltr'><strong>drixit</strong></span> <span class='ocrx_word' id='word_1_53' title='bbox 402 1302 469 1339; x_wconf 90' lang='lat' dir='ltr'><strong>eum</strong></span> <span class='ocrx_word' id='word_1_54' title='bbox 482 1284 520 1339; x_wconf 88' lang='lat' dir='ltr'><strong>ad</strong></span> <span class='ocrx_word' id='word_1_55' title='bbox 534 1283 726 1340; x_wconf 76' lang='lat' dir='ltr'><strong>dulcifluam*</strong></span> <span class='ocrx_word' id='word_1_56' title='bbox 741 1281 903 1340; x_wconf 77' lang='lat' dir='ltr'><strong>Salvatoris</strong></span> <span class='ocrx_word' id='word_1_57' title='bbox 916 1282 1110 1358; x_wconf 85' lang='lat' dir='ltr'><strong>praesentiam.</strong></span> 
     </span>
     <span class='ocr_line' id='line_1_13' title="bbox 247 1361 1122 1438; baseline 0.003 -21"><span class='ocrx_word' id='word_1_58' title='bbox 247 1361 338 1419; x_wconf 88' lang='lat' dir='ltr'><strong>Hunc</strong></span> <span class='ocrx_word' id='word_1_59' title='bbox 352 1369 584 1438; x_wconf 85' lang='lat' dir='ltr'><strong>perscrutantem</strong></span> <span class='ocrx_word' id='word_1_60' title='bbox 595 1364 688 1420; x_wconf 88' lang='lat' dir='ltr'><strong>maria</strong></span> <span class='ocrx_word' id='word_1_61' title='bbox 703 1362 815 1419; x_wconf 74' lang='lat' dir='ltr'><strong>Christi</strong></span> <span class='ocrx_word' id='word_1_62' title='bbox 827 1365 945 1420; x_wconf 87' lang='lat' dir='ltr'><strong>vocavit</strong></span> <span class='ocrx_word' id='word_1_63' title='bbox 958 1363 1122 1436; x_wconf 85' lang='lat' dir='ltr'><strong>clementia,</strong></span> 
     </span>
     <span class='ocr_line' id='line_1_14' title="bbox 246 1442 1043 1520; baseline 0.004 -22"><span class='ocrx_word' id='word_1_64' title='bbox 246 1442 354 1499; x_wconf 87' lang='lat' dir='ltr'><strong>Artem</strong></span> <span class='ocrx_word' id='word_1_65' title='bbox 366 1444 499 1519; x_wconf 89' lang='lat' dir='ltr'><strong>piscandi</strong></span> <span class='ocrx_word' id='word_1_66' title='bbox 512 1451 695 1501; x_wconf 88' lang='lat' dir='ltr'><strong>commutans</strong></span> <span class='ocrx_word' id='word_1_67' title='bbox 708 1444 852 1519; x_wconf 78' lang='lat' dir='ltr'><strong>dignitate</strong></span> <span class='ocrx_word' id='word_1_68' title='bbox 865 1445 1023 1520; x_wconf 82' lang='lat' dir='ltr'><strong>apostolica</strong></span> <span class='ocrx_word' id='word_1_69' title='bbox 1034 1465 1043 1516; x_wconf 99' lang='lat'>3</span> 
     </span>
     <span class='ocr_line' id='line_1_15' title="bbox 236 1523 1037 1601; baseline 0.005 -23"><span class='ocrx_word' id='word_1_70' title='bbox 236 1523 339 1598; x_wconf 65' lang='lat' dir='ltr'><strong>,Cujus</strong></span> <span class='ocrx_word' id='word_1_71' title='bbox 353 1525 482 1580; x_wconf 87' lang='lat' dir='ltr'><strong>animam</strong></span> <span class='ocrx_word' id='word_1_72' title='bbox 496 1531 562 1600; x_wconf 89' lang='lat' dir='ltr'><strong>post</strong></span> <span class='ocrx_word' id='word_1_73' title='bbox 576 1525 653 1582; x_wconf 89' lang='lat' dir='ltr'><strong>clara</strong></span> <span class='ocrx_word' id='word_1_74' title='bbox 667 1525 735 1581; x_wconf 89' lang='lat' dir='ltr'><strong>festi</strong></span> <span class='ocrx_word' id='word_1_75' title='bbox 749 1525 891 1600; x_wconf 87' lang='lat' dir='ltr'><strong>paschalis</strong></span> <span class='ocrx_word' id='word_1_76' title='bbox 904 1531 1037 1601; x_wconf 87' lang='lat' dir='ltr'><strong>tempora</strong></span> 
     </span>
     <span class='ocr_line' id='line_1_16' title="bbox 247 1602 1006 1681; baseline 0.007 -22"><span class='ocrx_word' id='word_1_77' title='bbox 247 1603 348 1660; x_wconf 83' lang='lat' dir='ltr'><strong>Sancti</strong></span> <span class='ocrx_word' id='word_1_78' title='bbox 363 1602 492 1680; x_wconf 82' lang='lat' dir='ltr'><strong>Spiritus</strong></span> <span class='ocrx_word' id='word_1_79' title='bbox 506 1606 644 1681; x_wconf 88' lang='lat' dir='ltr'><strong>praeclara</strong></span> <span class='ocrx_word' id='word_1_80' title='bbox 657 1606 849 1681; x_wconf 82' lang='lat' dir='ltr'><strong>perlustravit</strong></span> <span class='ocrx_word' id='word_1_81' title='bbox 863 1607 1006 1681; x_wconf 85' lang='lat' dir='ltr'><strong>potentia,</strong></span> 
     </span>
     <span class='ocr_line' id='line_1_17' title="bbox 247 1685 875 1762; baseline 0.002 -21"><span class='ocrx_word' id='word_1_82' title='bbox 247 1685 297 1741; x_wconf 90' lang='lat' dir='ltr'><strong>Ad</strong></span> <span class='ocrx_word' id='word_1_83' title='bbox 311 1685 530 1760; x_wconf 87' lang='lat' dir='ltr'><strong>praedicandum</strong></span> <span class='ocrx_word' id='word_1_84' title='bbox 543 1687 658 1762; x_wconf 88' lang='lat' dir='ltr'><strong>populis</strong></span> <span class='ocrx_word' id='word_1_85' title='bbox 671 1686 875 1761; x_wconf 89' lang='lat' dir='ltr'><strong>poenitentiam</strong></span> 
     </span>
     <span class='ocr_line' id='line_1_18' title="bbox 248 1765 869 1843; baseline 0.005 -21"><span class='ocrx_word' id='word_1_86' title='bbox 248 1765 289 1821; x_wconf 83' lang='lat' dir='ltr'><strong>Et</strong></span> <span class='ocrx_word' id='word_1_87' title='bbox 302 1766 362 1823; x_wconf 88' lang='lat' dir='ltr'><strong>Dei</strong></span> <span class='ocrx_word' id='word_1_88' title='bbox 375 1766 474 1824; x_wconf 82' lang='lat' dir='ltr'><strong>Patris</strong></span> <span class='ocrx_word' id='word_1_89' title='bbox 487 1787 540 1843; x_wconf 88' lang='lat' dir='ltr'><strong>per</strong></span> <span class='ocrx_word' id='word_1_90' title='bbox 553 1767 664 1823; x_wconf 85' lang='lat' dir='ltr'><strong>Filium</strong></span> <span class='ocrx_word' id='word_1_91' title='bbox 677 1768 869 1827; x_wconf 83' lang='lat' dir='ltr'><strong>clementiam.</strong></span> 
     </span>
     <span class='ocr_line' id='line_1_19' title="bbox 248 1846 827 1924; baseline 0.002 -21"><span class='ocrx_word' id='word_1_92' title='bbox 248 1846 404 1905; x_wconf 79' lang='lat' dir='ltr'><strong>Gratulare</strong></span> <span class='ocrx_word' id='word_1_93' title='bbox 418 1868 485 1923; x_wconf 89' lang='lat' dir='ltr'><strong>ergo</strong></span> <span class='ocrx_word' id='word_1_94' title='bbox 499 1854 584 1904; x_wconf 88' lang='lat' dir='ltr'><strong>tanto</strong></span> <span class='ocrx_word' id='word_1_95' title='bbox 597 1856 690 1924; x_wconf 89' lang='lat' dir='ltr'><strong>patre,</strong></span> <span class='ocrx_word' id='word_1_96' title='bbox 704 1848 827 1918; x_wconf 86' lang='lat' dir='ltr'><strong>Achaia,</strong></span> 
     </span>
     <span class='ocr_line' id='line_1_20' title="bbox 248 1927 770 2004; baseline 0.002 -21"><span class='ocrx_word' id='word_1_97' title='bbox 248 1927 402 1986; x_wconf 87' lang='lat' dir='ltr'><strong>Illustrata</strong></span> <span class='ocrx_word' id='word_1_98' title='bbox 415 1931 478 2004; x_wconf 87' lang='lat' dir='ltr'><strong>ejus</strong></span> <span class='ocrx_word' id='word_1_99' title='bbox 491 1930 614 1986; x_wconf 89' lang='lat' dir='ltr'><strong>salutari</strong></span> <span class='ocrx_word' id='word_1_100' title='bbox 628 1929 770 1999; x_wconf 87' lang='lat' dir='ltr'><strong>doctrina,</strong></span> 
     </span>
     <span class='ocr_line' id='line_1_21' title="bbox 247 2008 971 2085; baseline 0.008 -21"><span class='ocrx_word' id='word_1_101' title='bbox 247 2008 403 2066; x_wconf 89' lang='lat' dir='ltr'><strong>Honorata</strong></span> <span class='ocrx_word' id='word_1_102' title='bbox 416 2010 590 2066; x_wconf 85' lang='lat' dir='ltr'><strong>multimoda</strong></span> <span class='ocrx_word' id='word_1_103' title='bbox 603 2010 753 2085; x_wconf 85' lang='lat' dir='ltr'><strong>signorum</strong></span> <span class='ocrx_word' id='word_1_104' title='bbox 766 2010 932 2085; x_wconf 84' lang='lat' dir='ltr'><strong>frequentia</strong></span> <span class='ocrx_word' id='word_1_105' title='bbox 945 2011 971 2071; x_wconf 89' lang='lat'><strong>:†</strong></span> 
     </span>
     <span class='ocr_line' id='line_1_22' title="bbox 247 2089 931 2168; baseline 0.004 -23"><span class='ocrx_word' id='word_1_106' title='bbox 247 2089 288 2145; x_wconf 86' lang='lat' dir='ltr'><strong>Et</strong></span> <span class='ocrx_word' id='word_1_107' title='bbox 301 2096 336 2145; x_wconf 91' lang='lat' dir='ltr'><strong>tu</strong></span> <span class='ocrx_word' id='word_1_108' title='bbox 348 2109 467 2164; x_wconf 85' lang='lat' dir='ltr'><strong>gemens</strong></span> <span class='ocrx_word' id='word_1_109' title='bbox 480 2092 571 2166; x_wconf 89' lang='lat' dir='ltr'><strong>plora,</strong></span> <span class='ocrx_word' id='word_1_110' title='bbox 586 2096 657 2146; x_wconf 83' lang='lat' dir='ltr'><strong>trux</strong></span> <span class='ocrx_word' id='word_1_111' title='bbox 671 2091 803 2147; x_wconf 83' lang='lat' dir='ltr'><strong>carnifex</strong></span> <span class='ocrx_word' id='word_1_112' title='bbox 816 2091 911 2168; x_wconf 84' lang='lat' dir='ltr'><strong>AEgea</strong></span> <span class='ocrx_word' id='word_1_113' title='bbox 921 2111 931 2163; x_wconf 95' lang='lat'>3</span> 
     </span>
     <span class='ocr_line' id='line_1_23' title="bbox 247 2170 857 2244; baseline 0.003 -18"><span class='ocrx_word' id='word_1_114' title='bbox 247 2170 288 2226; x_wconf 85' lang='lat' dir='ltr'><strong>Te</strong></span> <span class='ocrx_word' id='word_1_115' title='bbox 301 2170 364 2227; x_wconf 92' lang='lat' dir='ltr'><strong>lues</strong></span> <span class='ocrx_word' id='word_1_116' title='bbox 378 2171 493 2227; x_wconf 87' lang='lat' dir='ltr'><strong>inferna</strong></span> <span class='ocrx_word' id='word_1_117' title='bbox 507 2178 537 2228; x_wconf 91' lang='lat' dir='ltr'><strong>et</strong></span> <span class='ocrx_word' id='word_1_118' title='bbox 550 2191 629 2228; x_wconf 88' lang='lat' dir='ltr'><strong>mors</strong></span> <span class='ocrx_word' id='word_1_119' title='bbox 643 2177 725 2228; x_wconf 86' lang='lat' dir='ltr'><strong>tenet</strong></span> <span class='ocrx_word' id='word_1_120' title='bbox 738 2178 857 2244; x_wconf 86' lang='lat' dir='ltr'><strong>aeterna,</strong></span> 
     </span>
     <span class='ocr_line' id='line_1_24' title="bbox 247 2250 1020 2329; baseline 0.005 -23"><span class='ocrx_word' id='word_1_121' title='bbox 247 2250 288 2307; x_wconf 84' lang='lat' dir='ltr'><strong>Et</strong></span> <span class='ocrx_word' id='word_1_122' title='bbox 300 2251 454 2308; x_wconf 86' lang='lat' dir='ltr'><strong>Andream</strong></span> <span class='ocrx_word' id='word_1_123' title='bbox 467 2252 563 2308; x_wconf 83' lang='lat' dir='ltr'><strong>felicia</strong></span> <span class='ocrx_word' id='word_1_124' title='bbox 576 2272 628 2327; x_wconf 89' lang='lat' dir='ltr'><strong>per</strong></span> <span class='ocrx_word' id='word_1_125' title='bbox 642 2272 756 2309; x_wconf 90' lang='lat' dir='ltr'><strong>crucem</strong></span> <span class='ocrx_word' id='word_1_126' title='bbox 770 2260 892 2309; x_wconf 88' lang='lat' dir='ltr'><strong>manent</strong></span> <span class='ocrx_word' id='word_1_127' title='bbox 905 2254 1020 2329; x_wconf 87' lang='lat' dir='ltr'><strong>gaudia.</strong></span> 
     </span>
     <span class='ocr_line' id='line_1_25' title="bbox 246 2332 1322 2411; baseline 0.001 -22"><span class='ocrx_word' id='word_1_128' title='bbox 246 2332 316 2389; x_wconf 89' lang='lat' dir='ltr'><strong>Jam</strong></span> <span class='ocrx_word' id='word_1_129' title='bbox 339 2352 435 2408; x_wconf 83' lang='lat' dir='ltr'><strong>regem</strong></span> <span class='ocrx_word' id='word_1_130' title='bbox 459 2339 545 2388; x_wconf 89' lang='lat' dir='ltr'><strong>tuum</strong></span> <span class='ocrx_word' id='word_1_131' title='bbox 569 2340 690 2408; x_wconf 84' lang='lat' dir='ltr'><strong>spectas,</strong></span> <span class='ocrx_word' id='word_1_132' title='bbox 711 2334 776 2408; x_wconf 84' lang='lat' dir='ltr'><strong>jam</strong></span> <span class='ocrx_word' id='word_1_133' title='bbox 800 2335 911 2404; x_wconf 86' lang='lat' dir='ltr'><strong>adoras,</strong></span> <span class='ocrx_word' id='word_1_134' title='bbox 929 2336 993 2410; x_wconf 85' lang='lat' dir='ltr'><strong>jam</strong></span> <span class='ocrx_word' id='word_1_135' title='bbox 1017 2335 1080 2410; x_wconf 83' lang='lat' dir='ltr'><strong>ejus</strong></span> <span class='ocrx_word' id='word_1_136' title='bbox 1104 2334 1136 2390; x_wconf 90' lang='lat' dir='ltr'><strong>in</strong></span> <span class='ocrx_word' id='word_1_137' title='bbox 1157 2341 1322 2411; x_wconf 88' lang='lat' dir='ltr'><strong>conspectu,</strong></span> 
     </span>
     <span class='ocr_line' id='line_1_26' title="bbox 327 2414 554 2486; baseline 0.009 -18"><span class='ocrx_word' id='word_1_138' title='bbox 327 2414 456 2485; x_wconf 87' lang='lat' dir='ltr'><strong>Andrea,</strong></span> <span class='ocrx_word' id='word_1_139' title='bbox 473 2419 554 2486; x_wconf 84' lang='lat' dir='ltr'><strong>stas3</strong></span> 
     </span>
     <span class='ocr_line' id='line_1_27' title="bbox 248 2493 1269 2571; baseline 0.004 -22"><span class='ocrx_word' id='word_1_140' title='bbox 248 2493 374 2550; x_wconf 86' lang='lat' dir='ltr'><strong>Odorem</strong></span> <span class='ocrx_word' id='word_1_141' title='bbox 388 2495 544 2551; x_wconf 87' lang='lat' dir='ltr'><strong>suavitatis</strong></span> <span class='ocrx_word' id='word_1_142' title='bbox 554 2495 617 2569; x_wconf 88' lang='lat' dir='ltr'><strong>jam</strong></span> <span class='ocrx_word' id='word_1_143' title='bbox 631 2495 750 2571; x_wconf 87' lang='lat' dir='ltr'><strong>aspiras,</strong></span> <span class='ocrx_word' id='word_1_144' title='bbox 765 2515 852 2569; x_wconf 91' lang='lat' dir='ltr'><strong>quem</strong></span> <span class='ocrx_word' id='word_1_145' title='bbox 867 2495 963 2552; x_wconf 86' lang='lat' dir='ltr'><strong>divini</strong></span> <span class='ocrx_word' id='word_1_146' title='bbox 976 2497 1083 2553; x_wconf 83' lang='lat' dir='ltr'><strong>amoris</strong></span> <span class='ocrx_word' id='word_1_147' title='bbox 1096 2516 1196 2553; x_wconf 89' lang='lat' dir='ltr'><strong>aroma</strong></span> <span class='ocrx_word' id='word_1_148' title='bbox 1210 2497 1269 2553; x_wconf 85' lang='lat' dir='ltr'><strong>dat.</strong></span> 
     </span>
     <span class='ocr_line' id='line_1_28' title="bbox 249 2574 612 2649; baseline -0.003 -18"><span class='ocrx_word' id='word_1_149' title='bbox 249 2574 296 2631; x_wconf 84' lang='lat' dir='ltr'><strong>Sis</strong></span> <span class='ocrx_word' id='word_1_150' title='bbox 310 2594 378 2648; x_wconf 89' lang='lat' dir='ltr'><strong>ergo</strong></span> <span class='ocrx_word' id='word_1_151' title='bbox 391 2576 485 2647; x_wconf 92' lang='lat' dir='ltr'><strong>nobis,</strong></span> <span class='ocrx_word' id='word_1_152' title='bbox 500 2576 612 2649; x_wconf 88' lang='lat' dir='ltr'><strong>inclyta</strong></span> 
     </span>
     <span class='ocr_line' id='line_1_29' title="bbox 248 2655 627 2731; baseline 0.003 -21"><span class='ocrx_word' id='word_1_153' title='bbox 248 2655 380 2712; x_wconf 89' lang='lat' dir='ltr'><strong>Dulcedo</strong></span> <span class='ocrx_word' id='word_1_154' title='bbox 394 2656 508 2731; x_wconf 86' lang='lat' dir='ltr'><strong>spirans</strong></span> <span class='ocrx_word' id='word_1_155' title='bbox 521 2656 627 2712; x_wconf 86' lang='lat' dir='ltr'><strong>intima</strong></span> 
     </span>
     <span class='ocr_line' id='line_1_30' title="bbox 248 2735 612 2794; baseline 0.003 -2"><span class='ocrx_word' id='word_1_156' title='bbox 248 2735 379 2793; x_wconf 81' lang='lat' dir='ltr'><strong>Caelestis</strong></span> <span class='ocrx_word' id='word_1_157' title='bbox 392 2737 462 2793; x_wconf 85' lang='lat' dir='ltr'><strong>vitae</strong></span> <span class='ocrx_word' id='word_1_158' title='bbox 476 2737 612 2794; x_wconf 83' lang='lat' dir='ltr'><strong>balsama</strong></span> 
     </span>
    </p>
   </div>
   <div class='ocr_carea' id='block_1_3' title="bbox 188 2886 743 2964">
    <p class='ocr_par' dir='ltr' id='par_1_3' title="bbox 188 2886 743 2964">
     <span class='ocr_line' id='line_1_31' title="bbox 188 2886 743 2964; baseline 0.004 -20"><span class='ocrx_word' id='word_1_159' title='bbox 188 2886 354 2944; x_wconf 75' lang='lat' dir='ltr'><strong>Secaraadum</strong></span> <span class='ocrx_word' id='word_1_160' title='bbox 368 2887 407 2943; x_wconf 83' lang='grc' dir='ltr'><em>Μ</em></span> <span class='ocrx_word' id='word_1_161' title='bbox 404 2887 543 2944; x_wconf 77' lang='lat' dir='ltr'><strong>uttlaoeuaa</strong></span> <span class='ocrx_word' id='word_1_162' title='bbox 555 2887 573 2963; x_wconf 87' lang='lat'><em>(</em></span> <span class='ocrx_word' id='word_1_163' title='bbox 573 2888 609 2944; x_wconf 83' lang='lat' dir='ltr'><strong>ic.</strong></span> <span class='ocrx_word' id='word_1_164' title='bbox 628 2887 743 2964; x_wconf 80' lang='lat'>18-22)</span> 
     </span>
    </p>
   </div>
   <div class='ocr_carea' id='block_1_4' title="bbox 127 2945 1326 3108">
    <p class='ocr_par' dir='ltr' id='par_1_4' title="bbox 127 2945 1326 3108">
     <span class='ocr_line' id='line_1_32' title="bbox 187 2945 1326 3044; baseline 0.003 -21"><span class='ocrx_word' id='word_1_165' title='bbox 187 2968 225 3023; x_wconf 91' lang='lat' dir='ltr'><strong>ln</strong></span> <span class='ocrx_word' id='word_1_166' title='bbox 239 2968 290 3024; x_wconf 89' lang='lat' dir='ltr'><strong>illo</strong></span> <span class='ocrx_word' id='word_1_167' title='bbox 304 2974 444 3044; x_wconf 89' lang='lat' dir='ltr'><strong>tempore,</strong></span> <span class='ocrx_word' id='word_1_168' title='bbox 460 2969 628 3024; x_wconf 87' lang='lat' dir='ltr'><strong>Ambulans</strong></span> <span class='ocrx_word' id='word_1_169' title='bbox 641 2969 663 3026; x_wconf 89' lang='lat' dir='ltr'><strong>J</strong></span> <span class='ocrx_word' id='word_1_170' title='bbox 664 2988 715 3025; x_wconf 86' lang='lat' dir='ltr'><strong>esu</strong></span> <span class='ocrx_word' id='word_1_171' title='bbox 731 2970 822 3044; x_wconf 86' lang='lat' dir='ltr'><strong>juxta</strong></span> <span class='ocrx_word' id='word_1_172' title='bbox 840 2989 920 3026; x_wconf 89' lang='lat' dir='ltr'><strong>mare</strong></span> <span class='ocrx_word' id='word_1_173' title='bbox 934 2968 1063 3026; x_wconf 74' lang='lat' dir='ltr'><strong>Galilaea</strong></span> <span class='ocrx_word' id='word_1_174' title='bbox 1077 2989 1166 3044; x_wconf 82' lang='lat' dir='ltr'><strong>usquc</strong></span> <span class='ocrx_word' id='word_1_175' title='bbox 1181 2945 1326 3028; x_wconf 76' lang='lat' dir='ltr'><strong>adsecuti</strong></span> 
     </span>
     <span class='ocr_line' id='line_1_33' title="bbox 127 3050 337 3108; baseline -0.019 0"><span class='ocrx_word' id='word_1_176' title='bbox 127 3056 199 3108; x_wconf 88' lang='lat' dir='ltr'><strong>sunt</strong></span> <span class='ocrx_word' id='word_1_177' title='bbox 213 3069 288 3105; x_wconf 88' lang='lat' dir='ltr'><strong>eum.</strong></span> <span class='ocrx_word' id='word_1_178' title='bbox 332 3050 337 3063; x_wconf 93' lang='lat'>&#39;</span> 
     </span>
    </p>
   </div>
   <div class='ocr_carea' id='block_1_5' title="bbox 189 3132 289 3190">
    <p class='ocr_par' dir='ltr' id='par_1_5' title="bbox 189 3132 289 3190">
     <span class='ocr_line' id='line_1_34' title="bbox 189 3132 289 3190; baseline -0.02 0"><span class='ocrx_word' id='word_1_179' title='bbox 189 3132 289 3190; x_wconf 79' lang='lat' dir='ltr'><strong>Credo.</strong></span> 
     </span>
    </p>
   </div>
   <div class='ocr_carea' id='block_1_6' title="bbox 189 3221 925 3300">
    <p class='ocr_par' dir='ltr' id='par_1_6' title="bbox 189 3221 925 3300">
     <span class='ocr_line' id='line_1_35' title="bbox 189 3221 925 3300; baseline -0.008 -16"><span class='ocrx_word' id='word_1_180' title='bbox 189 3223 380 3300; x_wconf 80' lang='lat' dir='ltr'><strong>Offcrtora&#39;uau.</strong></span> <span class='ocrx_word' id='word_1_181' title='bbox 424 3223 504 3278; x_wconf 87' lang='lat' dir='ltr'><strong>Mihi</strong></span> <span class='ocrx_word' id='word_1_182' title='bbox 516 3231 616 3279; x_wconf 86' lang='lat' dir='ltr'><strong>autem</strong></span> <span class='ocrx_word' id='word_1_183' title='bbox 629 3221 718 3278; x_wconf 91' lang='lat' dir='ltr'><strong>nimis</strong></span> <span class='ocrx_word' id='word_1_184' title='bbox 732 3221 925 3279; x_wconf 85' lang='lat' dir='ltr'><strong>honorificati.</strong></span> 
     </span>
    </p>
   </div>
   <div class='ocr_carea' id='block_1_7' title="bbox 125 3320 1327 3553">
    <p class='ocr_par' dir='ltr' id='par_1_7' title="bbox 125 3320 1327 3553">
     <span class='ocr_line' id='line_1_36' title="bbox 187 3320 306 3377; baseline -0.008 0"><span class='ocrx_word' id='word_1_185' title='bbox 187 3320 306 3377; x_wconf 80' lang='lat' dir='ltr'><strong>Secreta.</strong></span> 
     </span>
     <span class='ocr_line' id='line_1_37' title="bbox 188 3396 1327 3472; baseline -0.004 -15"><span class='ocrx_word' id='word_1_186' title='bbox 188 3399 369 3458; x_wconf 79' lang='lat' dir='ltr'><strong>Sacrificium</strong></span> <span class='ocrx_word' id='word_1_187' title='bbox 383 3403 516 3453; x_wconf 89' lang='lat' dir='ltr'><strong>nostrum</strong></span> <span class='ocrx_word' id='word_1_188' title='bbox 536 3396 601 3466; x_wconf 88' lang='lat' dir='ltr'><strong>tibi,</strong></span> <span class='ocrx_word' id='word_1_189' title='bbox 617 3396 753 3467; x_wconf 86' lang='lat' dir='ltr'><strong>Domine,</strong></span> <span class='ocrx_word' id='word_1_190' title='bbox 768 3414 943 3470; x_wconf 88' lang='lat' dir='ltr'><strong>quaesumus,</strong></span> <span class='ocrx_word' id='word_1_191' title='bbox 959 3396 1038 3452; x_wconf 86' lang='lat' dir='ltr'><strong>beati</strong></span> <span class='ocrx_word' id='word_1_192' title='bbox 1055 3397 1183 3454; x_wconf 84' lang='lat' dir='ltr'><strong>Andreae</strong></span> <span class='ocrx_word' id='word_1_193' title='bbox 1197 3397 1327 3472; x_wconf 83' lang='lat' dir='ltr'><strong>precatio</strong></span> 
     </span>
     <span class='ocr_line' id='line_1_38' title="bbox 125 3476 1326 3553; baseline -0.004 -14"><span class='ocrx_word' id='word_1_194' title='bbox 125 3489 227 3539; x_wconf 85' lang='lat' dir='ltr'><strong>sancta</strong></span> <span class='ocrx_word' id='word_1_195' title='bbox 241 3479 384 3548; x_wconf 87' lang='lat' dir='ltr'><strong>conciliet,</strong></span> <span class='ocrx_word' id='word_1_196' title='bbox 398 3484 434 3534; x_wconf 91' lang='lat' dir='ltr'><strong>ut</strong></span> <span class='ocrx_word' id='word_1_197' title='bbox 447 3479 531 3553; x_wconf 87' lang='lat' dir='ltr'><strong>cujus</strong></span> <span class='ocrx_word' id='word_1_198' title='bbox 544 3477 654 3534; x_wconf 89' lang='lat' dir='ltr'><strong>honore</strong></span> <span class='ocrx_word' id='word_1_199' title='bbox 674 3476 855 3534; x_wconf 87' lang='lat' dir='ltr'><strong>sollemniter</strong></span> <span class='ocrx_word' id='word_1_200' title='bbox 874 3476 1040 3549; x_wconf 85' lang='lat' dir='ltr'><strong>exhibetur,</strong></span> <span class='ocrx_word' id='word_1_201' title='bbox 1055 3478 1169 3534; x_wconf 85' lang='lat' dir='ltr'><strong>meritis</strong></span> <span class='ocrx_word' id='word_1_202' title='bbox 1183 3478 1326 3534; x_wconf 86' lang='lat' dir='ltr'><strong>efficiatur</strong></span> 
     </span>
    </p>
   </div>
   <div class='ocr_carea' id='block_1_8' title="bbox 128 3558 817 3806">
    <p class='ocr_par' dir='ltr' id='par_1_8' title="bbox 128 3558 817 3806">
     <span class='ocr_line' id='line_1_39' title="bbox 128 3558 395 3637; baseline -0.015 -17"><span class='ocrx_word' id='word_1_203' title='bbox 128 3568 288 3637; x_wconf 87' lang='lat' dir='ltr'><strong>acceptum.</strong></span> <span class='ocrx_word' id='word_1_204' title='bbox 331 3558 395 3616; x_wconf 90' lang='lat' dir='ltr'><strong>Per.</strong></span> 
     </span>
     <span class='ocr_line' id='line_1_40' title="bbox 188 3649 817 3728; baseline -0.006 -18"><span class='ocrx_word' id='word_1_205' title='bbox 188 3652 337 3728; x_wconf 80' lang='lat' dir='ltr'><strong>Proefutio.</strong></span> <span class='ocrx_word' id='word_1_206' title='bbox 381 3650 421 3706; x_wconf 82' lang='lat' dir='ltr'><strong>Et</strong></span> <span class='ocrx_word' id='word_1_207' title='bbox 434 3657 473 3722; x_wconf 89' lang='lat' dir='ltr'><strong>te,</strong></span> <span class='ocrx_word' id='word_1_208' title='bbox 489 3650 626 3722; x_wconf 82' lang='lat' dir='ltr'><strong>Domine,</strong></span> <span class='ocrx_word' id='word_1_209' title='bbox 640 3649 817 3726; x_wconf 86' lang='lat' dir='ltr'><strong>suppliciter.</strong></span> 
     </span>
     <span class='ocr_line' id='line_1_41' title="bbox 189 3744 369 3806; baseline -0.028 0"><span class='ocrx_word' id='word_1_210' title='bbox 189 3744 369 3806; x_wconf 68' lang='lat' dir='ltr'><strong>Coruncanio.</strong></span> 
     </span>
    </p>
   </div>
   <div class='ocr_carea' id='block_1_9' title="bbox 127 3823 1325 3978">
    <p class='ocr_par' dir='ltr' id='par_1_9' title="bbox 127 3823 1325 3978">
     <span class='ocr_line' id='line_1_42' title="bbox 187 3823 1325 3902; baseline -0.002 -19"><span class='ocrx_word' id='word_1_211' title='bbox 187 3827 298 3884; x_wconf 88' lang='lat' dir='ltr'><strong>Venite</strong></span> <span class='ocrx_word' id='word_1_212' title='bbox 308 3832 375 3902; x_wconf 90' lang='lat' dir='ltr'><strong>post</strong></span> <span class='ocrx_word' id='word_1_213' title='bbox 386 3844 440 3894; x_wconf 81' lang='lat' dir='ltr'><strong>uie,</strong></span> <span class='ocrx_word' id='word_1_214' title='bbox 452 3825 557 3881; x_wconf 86' lang='lat' dir='ltr'><strong>faciam</strong></span> <span class='ocrx_word' id='word_1_215' title='bbox 567 3844 619 3881; x_wconf 87' lang='lat' dir='ltr'><strong>vos</strong></span> <span class='ocrx_word' id='word_1_216' title='bbox 629 3825 786 3901; x_wconf 85' lang='lat' dir='ltr'><strong>piscatores</strong></span> <span class='ocrx_word' id='word_1_217' title='bbox 796 3823 950 3880; x_wconf 91' lang='lat' dir='ltr'><strong>hominum</strong></span> <span class='ocrx_word' id='word_1_218' title='bbox 963 3846 969 3882; x_wconf 96' lang='lat'><strong>:</strong></span> <span class='ocrx_word' id='word_1_219' title='bbox 984 3829 1016 3882; x_wconf 86' lang='lat' dir='ltr'><strong>at</strong></span> <span class='ocrx_word' id='word_1_220' title='bbox 1026 3824 1080 3898; x_wconf 90' lang='lat' dir='ltr'><strong>illi,</strong></span> <span class='ocrx_word' id='word_1_221' title='bbox 1092 3824 1203 3882; x_wconf 87' lang='lat' dir='ltr'><strong>relictis</strong></span> <span class='ocrx_word' id='word_1_222' title='bbox 1214 3826 1325 3883; x_wconf 87' lang='lat' dir='ltr'><strong>retibus</strong></span> 
     </span>
     <span class='ocr_line' id='line_1_43' title="bbox 127 3906 625 3978; baseline -0.008 -11"><span class='ocrx_word' id='word_1_223' title='bbox 127 3917 157 3968; x_wconf 89' lang='lat' dir='ltr'><strong>et</strong></span> <span class='ocrx_word' id='word_1_224' title='bbox 170 3908 249 3978; x_wconf 86' lang='lat' dir='ltr'><strong>navi,</strong></span> <span class='ocrx_word' id='word_1_225' title='bbox 265 3906 358 3964; x_wconf 88' lang='lat' dir='ltr'><strong>secuti</strong></span> <span class='ocrx_word' id='word_1_226' title='bbox 372 3913 441 3962; x_wconf 92' lang='lat' dir='ltr'><strong>sunt</strong></span> <span class='ocrx_word' id='word_1_227' title='bbox 455 3906 625 3963; x_wconf 87' lang='lat' dir='ltr'><strong>Dominum.</strong></span> 
     </span>
    </p>
   </div>
   <div class='ocr_carea' id='block_1_10' title="bbox 127 4004 1326 4326">
    <p class='ocr_par' dir='ltr' id='par_1_10' title="bbox 188 4004 427 4064">
     <span class='ocr_line' id='line_1_44' title="bbox 188 4004 427 4064; baseline -0.021 0"><span class='ocrx_word' id='word_1_228' title='bbox 188 4004 427 4064; x_wconf 81' lang='lat' dir='ltr'><strong>Poatcommuua&#39;o.</strong></span> 
     </span>
    </p>

    <p class='ocr_par' dir='ltr' id='par_1_11' title="bbox 127 4083 1326 4326">
     <span class='ocr_line' id='line_1_45' title="bbox 188 4083 1326 4163; baseline -0.002 -18"><span class='ocrx_word' id='word_1_229' title='bbox 188 4087 381 4163; x_wconf 87' lang='lat' dir='ltr'><strong>Sumpsimus,</strong></span> <span class='ocrx_word' id='word_1_230' title='bbox 411 4085 546 4155; x_wconf 90' lang='lat' dir='ltr'><strong>Domine,</strong></span> <span class='ocrx_word' id='word_1_231' title='bbox 576 4083 678 4141; x_wconf 85' lang='lat' dir='ltr'><strong>divina</strong></span> <span class='ocrx_word' id='word_1_232' title='bbox 712 4084 853 4158; x_wconf 88' lang='lat' dir='ltr'><strong>mysteria</strong></span> <span class='ocrx_word' id='word_1_233' title='bbox 886 4084 965 4140; x_wconf 86' lang='lat' dir='ltr'><strong>beati</strong></span> <span class='ocrx_word' id='word_1_234' title='bbox 1000 4085 1130 4142; x_wconf 88' lang='lat' dir='ltr'><strong>Andreae</strong></span> <span class='ocrx_word' id='word_1_235' title='bbox 1164 4085 1326 4144; x_wconf 83' lang='lat' dir='ltr'><strong>festivitate</strong></span> 
     </span>
     <span class='ocr_line' id='line_1_46' title="bbox 127 4164 1326 4244; baseline -0.001 -18"><span class='ocrx_word' id='word_1_236' title='bbox 127 4170 260 4226; x_wconf 81' lang='lat' dir='ltr'><strong>laetantes</strong></span> <span class='ocrx_word' id='word_1_237' title='bbox 272 4188 282 4240; x_wconf 94' lang='lat'>3</span> <span class='ocrx_word' id='word_1_238' title='bbox 302 4185 367 4244; x_wconf 86' lang='lat' dir='ltr'><strong>qnae</strong></span> <span class='ocrx_word' id='word_1_239' title='bbox 391 4166 467 4222; x_wconf 85' lang='lat' dir='ltr'><strong>sicut</strong></span> <span class='ocrx_word' id='word_1_240' title='bbox 491 4166 599 4222; x_wconf 87' lang='lat' dir='ltr'><strong>sanctis</strong></span> <span class='ocrx_word' id='word_1_241' title='bbox 624 4165 684 4221; x_wconf 88' lang='lat' dir='ltr'><strong>tuis</strong></span> <span class='ocrx_word' id='word_1_242' title='bbox 707 4165 744 4221; x_wconf 87' lang='lat' dir='ltr'><strong>ad</strong></span> <span class='ocrx_word' id='word_1_243' title='bbox 767 4164 891 4239; x_wconf 83' lang='lat' dir='ltr'><strong>gloriam</strong></span> <span class='ocrx_word' id='word_1_244' title='bbox 912 4166 955 4222; x_wconf 90' lang='lat' dir='ltr'><strong>ita</strong></span> <span class='ocrx_word' id='word_1_245' title='bbox 979 4166 1070 4238; x_wconf 87' lang='lat' dir='ltr'><strong>nobis,</strong></span> <span class='ocrx_word' id='word_1_246' title='bbox 1093 4186 1268 4241; x_wconf 84' lang='lat' dir='ltr'><strong>quaesumus,</strong></span> <span class='ocrx_word' id='word_1_247' title='bbox 1288 4169 1326 4226; x_wconf 89' lang='lat' dir='ltr'><strong>ad</strong></span> 
     </span>
     <span class='ocr_line' id='line_1_47' title="bbox 128 4245 832 4326; baseline -0.006 -19"><span class='ocrx_word' id='word_1_248' title='bbox 128 4251 245 4307; x_wconf 87' lang='lat' dir='ltr'><strong>veniam</strong></span> <span class='ocrx_word' id='word_1_249' title='bbox 258 4249 393 4326; x_wconf 87' lang='lat' dir='ltr'><strong>prodesse</strong></span> <span class='ocrx_word' id='word_1_250' title='bbox 406 4246 546 4324; x_wconf 86' lang='lat' dir='ltr'><strong>perficias.</strong></span> <span class='ocrx_word' id='word_1_251' title='bbox 589 4245 648 4302; x_wconf 92' lang='lat' dir='ltr'><strong>Per</strong></span> <span class='ocrx_word' id='word_1_252' title='bbox 661 4245 832 4303; x_wconf 90' lang='lat' dir='ltr'><strong>Dominum.</strong></span> 
     </span>
    </p>
   </div>
   <div class='ocr_carea' id='block_1_11' title="bbox 186 4402 1267 4492">
    <p class='ocr_par' dir='ltr' id='par_1_12' title="bbox 186 4402 1267 4492">
     <span class='ocr_line' id='line_1_48' title="bbox 186 4402 1267 4492; baseline 0.001 -13"><span class='ocrx_word' id='word_1_253' title='bbox 186 4436 198 4459; x_wconf 77' lang='lat'><strong>¹¹</strong></span> <span class='ocrx_word' id='word_1_254' title='bbox 215 4433 255 4479; x_wconf 83' lang='lat' dir='ltr'><strong>sic</strong></span> <span class='ocrx_word' id='word_1_255' title='bbox 271 4432 325 4480; x_wconf 85' lang='lat' dir='ltr'><strong>MS.</strong></span> <span class='ocrx_word' id='word_1_256' title='bbox 338 4433 356 4480; x_wconf 83' lang='lat' dir='ltr'>O</span> <span class='ocrx_word' id='word_1_257' title='bbox 367 4431 414 4478; x_wconf 88' lang='lat' dir='ltr'><strong>and</strong></span> <span class='ocrx_word' id='word_1_258' title='bbox 424 4431 469 4478; x_wconf 84' lang='lat' dir='ltr'><strong>Ed.</strong></span> <span class='ocrx_word' id='word_1_259' title='bbox 501 4429 554 4476; x_wconf 84' lang='lat' dir='ltr'><strong>MS.</strong></span> <span class='ocrx_word' id='word_1_260' title='bbox 565 4402 764 4475; x_wconf 50' lang='lat' dir='ltr'><strong>Dssmeffifluam.</strong></span> <span class='ocrx_word' id='word_1_261' title='bbox 883 4430 896 4488; x_wconf 91' lang='lat'>†</span> <span class='ocrx_word' id='word_1_262' title='bbox 912 4428 984 4476; x_wconf 75' lang='lat' dir='ltr'>MSS.</span> <span class='ocrx_word' id='word_1_263' title='bbox 996 4430 1014 4476; x_wconf 83' lang='lat'><em>0</em></span> <span class='ocrx_word' id='word_1_264' title='bbox 1025 4429 1072 4475; x_wconf 88' lang='lat' dir='ltr'><strong>and</strong></span> <span class='ocrx_word' id='word_1_265' title='bbox 1082 4430 1267 4492; x_wconf 78' lang='lat' dir='ltr'><strong>D-pruasontia.</strong></span> 
     </span>
    </p>
   </div>
   <div class='ocr_carea' id='block_1_12' title="bbox 0 0 1463 4904">
    <p class='ocr_par' dir='ltr' id='par_1_13' title="bbox 0 0 1463 4904">
     <span class='ocr_line' id='line_1_49' title="bbox 0 0 1463 4904; baseline 0 0"><span class='ocrx_word' id='word_1_266' title='bbox 0 0 1463 4904; x_wconf 95' lang='lat' dir='ltr'><strong> </strong></span> 
     </span>
    </p>
   </div>
  </div>
 </body>
</html>
