2910 4904
346 237 465 302 Missal
482 238 589 322 Offices
601 242 697 320 from
712 237 761 301 ae
774 238 912 321 Baapor
926 223 1116 323 Poat'ijical.
1263 240 1327 307 327

199 405 288 461 Pater
302 411 407 461 noster.
452 406 491 460 Et
505 425 542 461 ne
556 425 616 460 nos.

197 486 279 542 Deus
292 487 472 542 misereatur.
515 487 556 541 Et
570 486 677 542 veniat.

197 566 342 622 Dominus
356 566 514 624 vobiscum.
558 566 689 623 Oremus,

197 646 313 703 Memor
334 653 404 715 esto,
424 666 598 721 quaesumus,
623 646 759 715 Domine,
774 646 944 722 fragilitatis
966 646 1108 719 humanae,
1125 653 1156 705 et
1177 647 1229 724 qui
1245 648 1329 724 juste

131 727 268 784 verberas
302 734 473 803 peccatores,
503 727 700 784 intercedente
735 727 903 784 beatissima
938 734 967 784 et
994 727 1120 803 gloriosa
1153 748 1328 822 semperque

134 808 249 884 virgine
274 809 371 865 Maria
391 814 421 865 et
441 808 577 864 omnibus
598 809 714 879 sanctie,
737 809 821 864 nobis
845 808 1045 884 peccatoribus
1071 828 1156 885 parce
1183 809 1328 904 propitius

132 889 326 961 etafflicsus3
353 890 456 963 utqui
475 891 555 964 juste
577 889 686 945 nostris
709 889 822 945 meritis
843 889 1008 965 affligimur,
1025 896 1077 946 tua
1091 895 1191 948 sancta
1211 891 1329 948 misera·

133 969 216 1026 tione
230 935 373 1046 redenipti
387 968 434 1025 hic
448 971 524 1026 etin
538 977 712 1045 perpetuum
725 970 879 1026 salvemur.
924 969 1016 1032 Per.¹

694 1221 757 1276 ΙΙΙ.

548 1357 708 1413 Donruun
729 1372 762 1412 ru
784 1356 908 1412 Panum.

198 1473 380 1530 lt’corcisntus
386 1477 498 1547 floram
511 1481 536 1530 et
541 1472 709 1547 frondium.
753 1473 861 1530 Oratio.

195 1553 335 1610 Exercizo
356 1560 395 1625 te,
414 1561 547 1610 creatura
567 1554 671 1610 florum
692 1559 722 1610 et
745 1553 894 1610 frondium
915 1554 946 1609 in
970 1548 1088 1611 nomine
1110 1553 1325 1634 DeifflPatris

132 1634 351 1709 omnipotentis,
378 1641 408 1691 et
435 1636 467 1691 in
494 1635 612 1691 nomine
638 1635 711 1692 Jesu
725 1632 766 1713 ›1‹
780 1634 892 1691 Christi
920 1634 990 1691 Filii
1012 1636 1088 1710 ejus,
1108 1640 1139 1691 et
1159 1635 1191 1692 in
1211 1635 1323 1694 virtute

132 1713 430 1794 SpiritusffiSancti.
485 1714 611 1771 Proinde
631 1716 725 1771 omnis
745 1715 840 1770 virtus
861 1715 1027 1786 adversarii,
1056 1716 1151 1772 omnis
1178 1717 1324 1775 exercitus

131 1794 249 1866 diaboli,
267 1796 361 1852 omnis
375 1796 502 1853 incursio
516 1795 690 1866 daemonum,
701 1795 847 1852 eradicare
857 1801 889 1852 et
898 1796 1068 1871 explantare
1079 1797 1116 1852 ab
1126 1796 1181 1854 hac
1191 1804 1326 1855 creatura

130 1875 237 1932 florum
252 1882 282 1932 et
295 1876 453 1946 frondium,
465 1884 500 1933 ut
508 1878 544 1932 ad
557 1878 613 1933 Dei
626 1878 751 1952 gratiam
761 1876 966 1932 festinantium
978 1877 1101 1952 vestigia
1111 1897 1171 1933 non
1182 1879 1321 1954 sequaris.

131 1955 191 2013 Per
205 1976 272 2013 eum
286 1958 337 2032 qui
350 1965 493 2014 venturus
507 1967 558 2013 est.

192 2054 353 2111 Benedictio
357 2053 472 2126 florum
490 2054 689 2126 etfrondiam.
734 2054 841 2112 Oratio

193 2134 387 2209 Omnipotens
408 2135 584 2210 sempiterne
608 2134 696 2206 Deus,
720 2135 772 2209 qui
791 2136 823 2190 in
842 2134 947 2190 diluvii
967 2135 1107 2191 effusione
1128 2135 1194 2192 Noe
1215 2135 1321 2193 famule

129 2222 183 2272 tuo
197 2234 294 2290 peres
315 2216 454 2271 columbae
474 2215 616 2291 gestantis
637 2235 750 2272 ramum
772 2215 856 2271 olivae
876 2234 977 2291 pacem
990 2215 1078 2272 terris
1092 2215 1237 2273 redditam
1250 2237 1324 2273 nun·

129 2296 222 2365 tiasti,
239 2302 269 2352 te
289 2296 433 2372 supplices
454 2296 650 2370 deprecamur,
673 2300 708 2351 ut
728 2295 803 2352 hanc
827 2302 990 2352 creaturam
1010 2295 1116 2352 florum
1137 2297 1324 2373 spatulasque

128 2376 294 2453 palmarum
322 2396 373 2433 seu
399 2376 517 2432 frondes
547 2377 693 2446 arborum,
722 2395 793 2451 quas
820 2382 889 2432 ante
917 2382 1103 2452 conspectum
1136 2376 1235 2453 gloria
1262 2384 1323 2435 tuae

128 2457 288 2526 offerimus
304 2458 412 2514 veritas
426 2464 478 2514 tua
493 2455 711 2536 sanctifflficet,
726 2463 760 2512 ut
781 2456 904 2513 devotus
924 2456 1048 2533 populus
1068 2457 1100 2513 in
1121 2457 1257 2515 manibus
1274 2477 1325 2515 eas

128 2538 299 2613 suscipiam,
315 2538 526 2595 benedictionis
538 2544 598 2594 tuse
611 2539 737 2614 gratiam
745 2537 883 2612 consequi
893 2544 1046 2596 mereatur.
1090 2536 1148 2594 Per
1161 2537 1320 2596 Christum.

190 2629 261 2686 Alia
276 2630 382 2687 Oratio.

192 2711 384 2786 Omnipotens
408 2710 583 2785 sempiterne
606 2712 695 2780 Deus,
715 2711 768 2767 flos
790 2710 901 2780 mundi,
917 2711 989 2767 odor
1010 2711 1165 2769 suavitatis
1186 2718 1217 2769 et
1241 2712 1324 2789 origo

128 2791 322 2862 nascentium,
338 2793 390 2866 qui
404 2794 502 2848 omnia
516 2791 588 2866 legis
602 2798 632 2848 et
652 2793 860 2868 prophetarum
881 2792 997 2848 oracula
1009 2792 1042 2848 in
1056 2792 1127 2848 Filii
1141 2794 1187 2852 tui
1200 2793 1323 2852 Domini

128 2873 225 2929 nostri
246 2872 268 2929 J
269 2892 319 2928 esu
342 2872 453 2929 Christi
470 2872 638 2929 humilitate
652 2872 823 2943 declarasti3
844 2872 892 2929 cui
905 2873 995 2929 etiam
1008 2873 1140 2929 venienti
1153 2873 1325 2949 Hierosoly-

128 2973 208 3009 mam
232 2953 367 3009 devotam
390 2952 525 3010 laudibus
547 2953 687 3010 hodierna
710 2952 757 3009 die
777 2952 893 3008 obviam
911 2952 1006 3011 fecisti
1018 2954 1137 3010 turbam
1149 2955 1305 3030 procedere
1314 2976 1325 3028 3

127 3034 239 3108 respice
259 3033 404 3108 propitius
424 3034 461 3090 ad
483 3034 611 3090 debitam
631 3033 732 3109 populi
752 3034 798 3088 tui
818 3034 1001 3104 servitutem,
1023 3040 1053 3090 et
1073 3033 1162 3108 hujus
1182 3041 1322 3094 creaturae

129 3114 293 3170 novitatem
307 3120 359 3170 tua
373 3115 484 3170 virtute
498 3114 655 3185 sanctifica,
671 3120 706 3170 ut
726 3114 801 3170 sicut
820 3119 893 3171 tunc
913 3113 1017 3190 prioris
1030 3114 1132 3191 populi
1144 3121 1245 3190 gratus
1264 3116 1319 3174 tibi

127 3195 247 3252 exstitit
264 3193 427 3250 devotionis
447 3196 575 3266 affectus,
592 3195 634 3252 ita
647 3214 700 3250 nos
718 3214 833 3270 quoque
847 3195 880 3250 in
893 3194 1018 3252 veritate
1036 3195 1223 3253 confessionis
1241 3215 1318 3254 sanc·

127 3275 237 3333 tissimi
251 3275 377 3331 nominis
392 3277 453 3350 ejus
473 3275 534 3331 haec
555 3275 655 3332 eadem
676 3275 828 3351 pervoluta
848 3274 920 3332 anni
939 3281 1071 3350 tempora
1090 3275 1320 3352 frequentantes,

127 3352 290 3432 purificatis
313 3356 445 3412 sensibus
465 3355 587 3432 dignum
607 3356 664 3412 tibi
684 3356 841 3412 referamus
861 3356 1033 3431 obsequium
1043 3377 1051 3428 3
1071 3363 1106 3413 ut
1119 3356 1202 3414 velut
1214 3355 1322 3426 florum
1388 3429 1390 3433 .

126 3436 272 3493 varietate
280 3437 337 3512 piis
345 3444 499 3493 vernantes
508 3436 621 3507 studiis,
630 3436 743 3493 sarcina
753 3437 848 3492 carnis
856 3437 995 3512 deposita,
1004 3456 1071 3494 cum
1081 3437 1168 3494 odore
1178 3438 1322 3495 bonorum

127 3536 250 3592 operum
273 3517 305 3572 in
329 3517 436 3573 caelesti
460 3517 648 3574 Hierusalem
670 3517 764 3573 eidem
789 3517 866 3573 Filio
890 3522 943 3574 tuo
968 3517 1097 3575 Domino
1120 3523 1221 3577 nostro
1247 3519 1321 3579 Jesu

128 3597 248 3654 Christo
261 3597 409 3654 valeamus
423 3617 578 3654 occurrere.
622 3598 682 3666 Qui
695 3604 799 3653 tecum.

188 3693 260 3750 Atta
274 3693 382 3750 Oratio.
426 3693 506 3750 Deus
520 3694 602 3768 cujus
616 3692 718 3758 Filius,
732 3702 758 3749 ct
772 3702 862 3750 cetera
875 3693 1038 3769 (utsupra,
1053 3694 1110 3752 vol.
1125 3695 1144 3752 i.
1160 3714 1187 3771 p.
1204 3695 1269 3772 84).

188 3785 292 3841 Postea
305 3794 461 3860 sparqotar
477 3807 555 3860 aqua
576 3785 720 3843 herradicta
733 3805 818 3860 asper
830 3805 927 3843 ramos
935 3786 1116 3861 patararum,
1131 3797 1156 3843 et
1169 3787 1321 3846 adoleatur

125 3866 283 3937 incensam,
299 3875 325 3922 et
338 3867 455 3922 dicatur
470 3866 589 3926 Oratio:

189 3947 277 4016 Deus,
299 3947 351 4021 qui
371 3947 500 4022 dispersa
520 3966 676 4023 congregas
696 3954 727 4003 et
746 3954 920 4023 congregata
939 3961 1113 4020 conservas,
1133 3949 1184 4024 qui
1204 3949 1321 4024 populis

125 4028 241 4084 obviam
257 4028 279 4085 J
281 4047 331 4084 esu
344 4047 439 4084 ramos
453 4029 616 4103 palmarum
629 4029 816 4103 portantibus
829 4027 1025 4100 benedixisti5
1045 4027 1214 4108 beneffidic
1228 4029 1318 4088 etlam

125 4115 156 4166 et
179 4109 232 4164 hos
253 4128 349 4165 ramos
370 4108 532 4183 palmarum
549 4114 769 4184 ceterarumque
787 4108 923 4174 arborum
926 4128 1022 4185 ,quos
1039 4109 1086 4166 tui
1099 4109 1202 4166 famuli
1222 4110 1258 4167 ad
1272 4111 1316 4168 tui

126 4189 255 4247 nominis
282 4189 515 4248 benedictionem
542 4189 714 4265 suscipiunt,
739 4190 808 4246 ut
799 4209 833 4246 m
855 4208 1057 4266 quemcunque
1084 4189 1180 4247 locum
1206 4191 1319 4261 fuerint

124 4269 297 4339 introducti,
307 4275 390 4326 tuam
404 4270 634 4328 benedictionem
648 4251 1320 4367 consequantur‚etomn1adversavaletudine

124 4351 464 4426 effugats‚dexte1atna
483 4356 617 4427 protegat
630 4370 702 4427 quos
715 4350 847 4408 redemit.
889 4350 954 4407 Per.
1248 4375 1250 4379 ¹
