2910 4904
526 299 700 367 Orationes
724 300 931 365 Comatam.
1265 302 1330 368 173

125 487 178 545 pro
192 466 303 525 famulo
317 474 371 525 tuo
385 467 435 539 N.3
450 486 504 543 pro
522 487 581 543 quo
598 466 804 525 misericordiae
824 473 885 525 tuae
905 467 1096 542 imploramus
1116 466 1271 538 auxilium,
1293 474 1328 523 ut

125 548 310 688 ffiffli
322 548 458 620 sanitate,
470 549 634 624 gratiarum
644 548 701 606 tibi
714 547 747 605 in
760 548 891 606 Ecclesia
901 553 954 605 tua
962 548 1071 605 referat
1083 547 1237 605 actionem.
1270 547 1331 604 Per

184 726 280 784 lectio
293 725 433 802 Epistola
447 725 521 784 beati
535 725 638 786 Jacobs·
651 725 784 802 Apostoli
797 725 839 802 (a
858 726 972 802 13-16)

174 806 355 945 s{llarissimm
374 807 407 864 Si
420 808 558 864 tristatur
566 807 674 882 aliquis
684 814 816 865 vestrum
831 827 920 881 usquc
934 807 975 864 od
988 812 1019 863 et
1032 813 1114 864 orate
1123 826 1178 883 pro
1191 805 1330 879 invicem,

126 894 160 945 ut
219 888 337 945 remini.

188 983 323 1042 Gradalc.

187 1063 330 1122 Miserere
342 1064 427 1136 mihi,
441 1064 577 1137 Domine,
594 1064 734 1140 quoniam
747 1065 883 1121 infirmus
898 1085 963 1121 sum
977 1087 983 1122 z
1004 1085 1075 1122 sana
1089 1085 1145 1136 me,
1161 1063 1296 1121 Domine.

133 1145 161 1203 l'.
190 1144 338 1213 Quoniam
352 1146 527 1202 conturbata
540 1152 610 1202 sunt
624 1145 724 1201 omnia
735 1165 799 1202 ossa
813 1165 895 1202 mea:
917 1152 947 1202 et
961 1146 1060 1204 anima
1074 1166 1138 1203 mea
1151 1145 1273 1201 turbata
1286 1150 1331 1202 est

131 1226 222 1282 valde.

185 1305 334 1381 Alleluya.
384 1305 414 1364 V.
448 1306 508 1375 Qui
535 1312 620 1363 sanat
647 1306 790 1364 contritos
818 1306 920 1363 corde:
950 1312 980 1363 et
1007 1305 1111 1381 alligat
1139 1305 1333 1363 contritiones

129 1406 237 1444 eorum.

186 1483 356 1542 Secundam
369 1483 484 1542 Lucam
497 1483 564 1562 (vit.
583 1485 669 1561 1-10)

186 1566 225 1622 In
235 1565 288 1622 illo
298 1571 438 1641 tempore,
450 1565 581 1622 Intravit
591 1566 613 1623 J
615 1585 681 1623 esus
692 1565 900 1642 Gapharnaum
910 1586 919 1638 3
938 1565 1120 1623 centurionis
1130 1572 1230 1623 autem
1241 1585 1331 1641 usqua

128 1647 168 1704 cd
181 1665 300 1703 serrum
313 1646 366 1722 qui
379 1645 534 1722 languerat
548 1666 661 1704 sanum.

190 1744 214 1802 O
236 1743 383 1801 cremium.

187 1746 330 1882 Miserere
343 1825 410 1894 mei,
422 1824 560 1896 Domine,
569 1825 729 1882 secundum
743 1844 881 1902 magnam
895 1824 1125 1882 misericordiam
1139 1831 1240 1882 tuam:
1255 1824 1328 1896 dele,

128 1905 266 1976 Domine,
281 1905 470 1982 iniquitatem
485 1925 588 1963 meam.

187 2002 210 2059 I
208 2024 231 2060 aa
244 2011 365 2079 tempora
378 2003 524 2096 i'aacdala',
538 2004 686 2080 Alleluya.

189 2100 380 2257 {edidicimus
394 2183 516 2238 nutibus
530 2160 600 2240 vitae
614 2189 722 2239 nostrae
736 2188 886 2240 momenta
900 2182 1061 2239 decurrunt
1073 2203 1082 2255 3
1101 2182 1214 2259 suscipe
1235 2202 1333 2259 preces

128 2269 159 2321 et
172 2263 285 2320 hostias
297 2262 403 2319 famuli
423 2263 470 2319 tui
483 2262 534 2334 N,
551 2283 604 2339 pro
619 2284 676 2339 quo
691 2268 852 2339 aegrotante
866 2263 1096 2320 misericordiam
1113 2270 1196 2321 tuam
1215 2262 1334 2339 implor-

128 2364 231 2416 amus3
252 2349 287 2399 ut
301 2343 337 2400 de
351 2344 435 2418 cujus
448 2344 578 2419 periculo
594 2344 763 2416 metuimus„
779 2344 815 2401 de
829 2345 892 2419 ejus
906 2344 1000 2401 salute
1014 2345 1158 2401 laetemur.
1200 2345 1265 2401 Per.

191 2438 371 2498 Cataracta.

189 2520 334 2577 Illumina
347 2520 451 2577 faciem
466 2527 548 2578 tuam
563 2541 651 2598 super
665 2541 783 2578 servum
797 2528 903 2578 tuum:
924 2527 955 2577 et
969 2520 1084 2578 salvum
1098 2540 1145 2578 me
1165 2521 1210 2579 fac
1227 2521 1260 2578 in
1280 2528 1334 2579 tua

128 2601 336 2674 misericordia,
353 2602 481 2658 Domine
493 2623 502 2675 3
516 2622 576 2659 non
591 2603 761 2673 confundar,
777 2603 915 2678 quoniam
930 2601 1067 2658 invocavi
1083 2607 1121 2658 te.

189 2696 231 2755 Ia
245 2707 367 2774 tempora
382 2698 531 2772 Paschala',
546 2699 696 2776 Alleluya,
712 2699 847 2776 alleluya.

191 2795 434 2853 Poatcommuuio.

192 2876 282 2944 Deus,
306 2876 489 2933 infirmitatis
516 2876 651 2933 humanae
675 2876 822 2953 singulare
843 2874 1022 2952 praesidium,
1045 2876 1152 2933 auxilii
1173 2876 1220 2933 tui
1246 2896 1336 2952 super

130 2955 284 3013 infirmum
296 2964 432 3013 nostrum
449 2957 570 3013 ostende
584 2957 729 3014 virtutem
738 2978 747 3030 3
767 2964 803 3013 ut
824 2976 878 3032 ope
898 2956 1103 3014 misericordiae
1124 2963 1183 3013 tuae
1203 2957 1334 3034 adjutus,

132 3037 269 3096 Ecclesiae
280 3043 340 3094 tuae
355 3044 463 3094 sanctae
476 3037 631 3094 incolumis
645 3039 850 3114 repraesentari
863 3043 1018 3095 mereatur.
1053 3037 1111 3096 Per
1125 3039 1297 3098 Dominum.

570 3266 636 3323 Pso
657 3266 785 3324 Domuo
806 3265 900 3322 Para,

196 3347 305 3406 Oratio.

193 3427 285 3501 Deus,
315 3427 447 3484 fidelium
474 3426 607 3484 omnium
634 3432 735 3502 pastor
761 3433 792 3484 et
818 3433 923 3499 rector,
952 3427 1097 3485 famulum
1124 3434 1211 3485 tuum
1238 3428 1277 3486 N.
1304 3436 1334 3488 et

132 3514 290 3586 pastorem,
320 3528 407 3584 quem
439 3508 577 3566 Ecclesiae
611 3513 670 3565 tuae
704 3526 826 3583 praeesse
860 3508 990 3578 voluisti,
1025 3509 1171 3584 propitius
1205 3510 1336 3586 respice3

134 3590 170 3646 da
195 3589 231 3660 ei,
261 3609 436 3665 quaesumus,
462 3589 552 3645 verbo
576 3594 606 3645 et
630 3588 765 3665 exemplo
789 3588 831 3645 eis
855 3589 963 3664 quibus
990 3595 1096 3666 praeest
1122 3591 1270 3666 proficere,
1299 3597 1335 3648 ut

133 3671 169 3726 ad
196 3671 292 3726 vitam
316 3689 377 3726 una
401 3688 467 3726 cum
490 3688 577 3744 grege
601 3669 658 3725 sibi
682 3669 793 3727 credito
822 3670 977 3746 perveniat
1003 3671 1219 3745 sempiternam.
1276 3672 1334 3728 Per

135 3751 306 3809 Dominum.

195 3843 318 3995 gffitps,
341 3923 477 3994 Domine,
499 3922 613 3999 placare
635 3923 825 3995 muneribus3
854 3930 885 3982 et
908 3924 1052 3981 famulum
1074 3931 1162 3982 tuum
1181 3924 1220 3982 N.
1245 3945 1334 4000 quem

133 4010 281 4142 pastorem
305 4003 415 4081 populo
439 4010 491 4061 tuo
516 4023 577 4061 esse
600 4004 731 4076 voluisti,
752 4005 868 4062 assidua
891 4006 1072 4082 protectione
1093 4006 1232 4083 guberna.
1276 4006 1337 4063 Per

165 4104 307 4143 ommum.

192 4181 434 4239 Postcommaaa'c.

196 4262 272 4318 Haec
284 4281 347 4333 nos,
362 4282 538 4338 quaesumus,
555 4261 691 4332 Domine,
705 4261 801 4319 divini
814 4262 988 4320 sacramenti
1008 4262 1156 4339 perceptio
1176 4269 1311 4340 protegat
1324 4285 1333 4336 3

134 4350 163 4401 et
185 4341 331 4399 famulum
352 4349 438 4399 tuum
452 4343 503 4416 N„
519 4363 608 4420 quem
631 4348 778 4418 pastorem
801 4342 938 4401 Ecclesiae
955 4349 1015 4400 tuae
1038 4344 1168 4416 voluisti,
1184 4363 1243 4402 una
1266 4366 1335 4404 curu

133 4424 289 4483 commisso
302 4443 388 4501 grege
401 4424 496 4482 salvet
509 4443 624 4502 semper
636 4428 667 4482 et
680 4423 803 4482 muniat.
847 4423 911 4482 Per.
