2910 4904
182 856 654 1040 snos-summ
704 901 1159 1074 communes.

242 1360 281 1418 Is
302 1360 401 1427 Fusro
421 1377 515 1446 usius
536 1377 605 1447 srva
627 1347 830 1420 rnumnouun
850 1361 1086 1425 Arosrouonun.
1165 1341 1170 1383 '¹

122 1465 287 1544 Sequentia
340 1460 350 1475 ⁹
998 1477 1000 1480 ’

185 1547 270 1605 Clare
289 1553 460 1605 sanctorum
481 1551 600 1604 senatus
620 1547 828 1623 apostolorum,
850 1545 987 1625 princeps
1008 1548 1088 1605 orbis
1108 1553 1264 1619 terrarum,

264 1635 420 1704 rectorque
433 1648 600 1704 regnorum,
796 1691 799 1695 ,
911 1631 912 1634 ’

184 1708 381 1767 Ecclesiarum
396 1729 491 1767 mores
505 1715 535 1766 et
548 1710 643 1766 vitam
657 1709 809 1768 moderare
821 1730 830 1782 ;

184 1790 257 1861 Quae
271 1810 324 1866 per
337 1791 504 1847 doctrinam
517 1796 601 1847 tuam
614 1790 716 1852 fideles
730 1797 803 1855 suntv
814 1790 933 1867 ubique.

183 1871 351 1928 Antiochus
365 1878 396 1928 et
409 1871 522 1928 Remus
536 1871 701 1929 concedunt
713 1872 779 1944 tibi,
796 1872 894 1943 Petro,
908 1870 993 1948 regni
1006 1870 1113 1928 solium
1124 1889 1133 1942 ;

183 1950 382 2026 Tyrannidem
395 1958 440 2024 tu,
456 1951 557 2024 Paule,
569 1951 810 2010 Alexandrinam
824 1951 960 2020 invasisti
974 1952 1126 2010 Graeciam.

146 2068 148 2072 ·
183 2033 342 2108 AEthiopes
355 2033 499 2105 horridos,
515 2032 668 2106 Matthaee,
684 2033 794 2109 agnelli
809 2033 925 2105 vellere,

184 2112 244 2183 Qui
257 2113 386 2172 maoulas
399 2114 511 2171 nesciat
524 2114 648 2190 aliquas,
663 2112 780 2172 vestisti
793 2110 926 2174 candido.

183 2192 305 2266 Thomu,
336 2192 560 2267 Bartholomaee,
590 2195 611 2252 J
613 2195 751 2268 ohannes,
780 2194 927 2273 Philippo,
958 2195 1069 2265 Simon,
1098 2194 1121 2253 J
1122 2194 1264 2271 aoobique

284 2275 371 2333 eriles
512 2286 514 2291 ’

181 2295 314 2426 merla,
329 2321 482 2430 atheas,
499 2344 558 2413 oei
577 2357 732 2414 senatres
744 2356 858 2434 inclyti.

181 2435 231 2494 En
244 2457 296 2495 vos
317 2437 414 2495 oriens
427 2444 458 2496 et
478 2437 622 2510 occidens,
636 2439 728 2495 immo
746 2444 825 2496 teres
846 2436 951 2497 mundi
971 2437 1097 2495 oiroulus
1115 2457 1145 2494 se
1165 2441 1266 2513 potres

262 2518 369 2576 hahere
382 2518 522 2595 gaudent,
535 2525 566 2576 et
579 2521 738 2594 expectant
747 2518 871 2595 judiees,

183 2598 225 2656 Et
237 2599 346 2657 ideirco
364 2600 494 2656 mundus
512 2599 608 2657 omnis
625 2600 726 2658 laudes
739 2599 824 2657 vobis
838 2604 869 2657 et
881 2597 1007 2657 honores
1021 2599 1131 2656 sanetis
1148 2598 1264 2656 debitos

261 2681 388 2758 supplex
401 2680 554 2758 impendit.

120 2785 195 2847 Item
208 2784 271 2844 alio
289 2784 454 2860 Sequentia.

179 2865 323 2942 Alleluya
336 2886 416 2924 nuno
430 2867 568 2930 decantet
588 2866 765 2925 universalis
779 2866 918 2940 Ecclesia,

179 2947 361 3006 Extollendo
374 2948 461 3005 laude
475 2948 553 3023 celsa
565 2946 767 3025 apostolorum
780 2948 916 3025 insignia

181 3028 315 3097 Quorum
329 3028 465 3104 princeps
478 3049 533 3106 per
546 3049 662 3104 oruoem
676 3029 790 3086 scandit
803 3028 912 3087 Petrus
925 3027 987 3085 alta
1000 3027 1061 3104 poli
1074 3027 1170 3086 sidera
1180 3047 1190 3102 ;

180 3109 293 3167 Ductor
305 3110 385 3167 orbis
398 3111 565 3186 triumphat
577 3111 633 3174 sub
648 3110 768 3168 Nerone
781 3111 855 3168 urbe
869 3110 901 3168 iu
916 3108 1069 3168 Romulea,

179 3189 262 3247 Crux
276 3190 408 3248 Andreae
422 3191 511 3269 digna
525 3190 640 3263 confert
653 3191 782 3268 praemia,
797 3190 820 3249 J
820 3192 928 3250 aoobus
941 3197 1068 3267 uterque
1081 3191 1160 3248 nitet

260 3271 370 3344 laurea,

178 3350 315 3410 Herodes
329 3353 424 3424 illum,
440 3352 520 3409 huno
533 3351 555 3410 J
556 3351 662 3410 udaioa
674 3372 745 3428 gens
758 3351 941 3410 transmittit
953 3351 992 3408 ad
1005 3351 1122 3410 aethera.

176 3431 256 3490 Sunt
263 3434 284 3491 J
286 3433 405 3504 ohanni,
418 3440 489 3490 sunt
497 3432 645 3501 Matthaeo
659 3433 765 3491 collata
778 3434 837 3490 duo
851 3433 930 3492 clara
942 3433 1106 3509 gratiarum
1119 3452 1258 3493 munera:

178 3513 332 3589 Hyrtacus
345 3514 431 3571 illum
444 3520 539 3586 necat,
554 3515 635 3572 huno
655 3533 722 3573 suas
735 3515 757 3572 J
758 3533 824 3572 esus
837 3520 924 3572 vooat
936 3513 975 3572 ad
986 3513 1094 3589 epulas.

178 3591 345 3671 Philippus,
363 3594 476 3652 Christi
488 3596 586 3670 gratia
600 3596 716 3669 docens,
731 3595 872 3672 praedicat
883 3595 918 3653 in
932 3595 1060 3671 Scythia.

177 3674 313 3747 Thomas,
328 3675 476 3734 confossus
489 3676 599 3748 lancea,
615 3697 733 3734 cursum
746 3681 931 3735 consummat
943 3677 976 3733 in
990 3675 1086 3737 India.

176 3754 280 3814 Simon
293 3761 324 3813 et
337 3756 358 3813 J
361 3756 434 3813 udas
447 3756 519 3814 dum
533 3777 615 3816 sacra
628 3757 727 3816 Persis
741 3759 903 3816 ostendunt
915 3757 1039 3829 monita,

176 3834 274 3894 Fusus
287 3837 406 3914 sanguis
419 3838 520 3895 ambos
532 3839 610 3900 stola
623 3839 794 3915 perornavit
806 3858 963 3916 purpurea.

175 3916 410 3975 Bartholomaeus
424 3918 476 3976 dat
490 3919 575 3984 Indis
589 3921 659 3977 vitae
673 3921 819 3997 dogmata.
925 3983 928 3987 ,

176 3997 315 4056 Matthiae
329 3998 459 4056 culmina
472 4000 560 4062 dedit
569 4020 631 4058 sors
645 4001 814 4078 apostoliea.

176 4076 305 4137 Plaudet
318 4099 388 4156 ergo
408 4080 505 4151 tellus,
522 4081 643 4157 plaudat
657 4081 796 4140 oaelorum
815 4080 979 4154 maehina,'
1000 4089 1031 4139 et
1044 4082 1099 4140 hoc
1113 4081 1160 4138 die
1174 4096 1257 4139 saera

254 4160 379 4236 plaudat
391 4180 518 4236 praesens
531 4163 654 4233 familia,

175 4241 361 4302 Honorando
374 4249 559 4304 sacrosancta
572 4242 774 4320 apostolorum
787 4243 902 4303 merita.

378 4395 391 4422 ¹
407 4397 494 4443 Serum
504 4382 553 4443 and
563 4397 683 4444 Hereford
692 4397 837 4444 Missus-u
845 4396 932 4444 eurio.''
