2910 4904
618 292 713 358 Festo
726 292 845 358 Jontt.

191 457 325 515 Grodclc.
369 458 509 530 Posuisti,
525 458 662 517 Domine.

190 539 340 615 Alleluya.
389 538 614 598 KLaetabitur.

189 619 390 695 Evnnpelium.
434 620 538 677 Nolite
551 621 698 678 arbitrari.

191 700 384 775 Offirtoriam.
429 701 532 758 Gloria
546 707 576 759 et
589 701 708 759 honore.

191 781 373 840 Communis.
417 781 530 858 Magna
543 788 588 840 est
602 782 704 858 gloria.

197 962 307 1025 Sinon
328 963 505 1036 Wrrnnuur,
527 979 758 1022 Ancnrrrrsocrr
780 962 1000 1021 Esousonusrs.
1043 961 1094 1039 (vi
1109 961 1156 1020 Id
1171 959 1260 1040 Jun)

191 1091 330 1168 Officium.
374 1094 488 1151 Statuit
501 1094 536 1151 ei.

192 1173 301 1232 Oratio.

187 1255 278 1328 Deus,
294 1255 347 1331 qui
360 1275 413 1312 nos
427 1256 507 1313 beati
519 1255 667 1312 Willclmi
688 1255 859 1313 confessoris
879 1255 926 1312 tui
947 1260 1038 1330 atque
1051 1254 1200 1331 pontificis
1213 1255 1332 1313 meritis

127 1341 157 1394 et
181 1336 389 1394 intercessione
408 1336 549 1407 laetifices,
565 1337 688 1394 concede
701 1336 857 1412 propitius,
872 1343 907 1393 ut
922 1336 975 1414 qui
996 1337 1059 1412 ejus
1077 1337 1221 1395 beneficia
1236 1337 1333 1414 posci·

128 1436 201 1488 mus,
218 1417 294 1474 dono
308 1423 368 1474 tuae
381 1419 477 1493 gratia
491 1437 712 1493 consequamur.
756 1418 815 1474 Per
829 1418 999 1474 Dominum.

187 1498 333 1556 Memorio
346 1499 381 1555 dc
394 1499 601 1572 confessoribus
615 1499 654 1555 M
650 1499 757 1555 odardo
771 1508 797 1555 et
813 1498 962 1556 Gildcrdo.

186 1579 327 1654 Epistola.
371 1579 464 1636 Dedit
477 1580 627 1637 Dominus
641 1579 859 1636 consessionem.

191 1659 325 1718 Gradale.
369 1660 478 1718 Inveni
493 1660 599 1717 David.

188 1741 337 1815 Alleluya.
387 1742 415 1799 V.
438 1741 459 1798 J
462 1748 545 1798 ustus
559 1741 746 1817 germinabit.

92 1817 96 1831 '
187 1820 372 1896 Sequentia*

448 1903 525 1978 Regi
540 1902 659 1959 Christo
673 1902 834 1978 applaudat
848 1875 996 1974 Ecclesia;

489 1984 548 2040 Die
561 1985 618 2040 isto
632 1990 709 2040 nova
722 1984 796 2040 dans
810 1983 955 2059 praeconia
966 2004 975 2056 3

451 2064 544 2140 Cujus
557 2064 639 2121 fonte
653 2064 839 2123 sanctitatist
853 2083 948 2121 novus

488 2146 583 2203 Nobis
597 2146 733 2203 sanitatis
746 2146 897 2203 emanavit
910 2145 1024 2203 rivulus
1038 2166 1044 2202 :

449 2250 490 2306 Et
505 2250 623 2308 stellata
637 2251 705 2307 sede
719 2252 802 2324 cujus

450 2332 490 2389 In
503 2332 640 2388 tenebras
653 2332 740 2388 vallis
754 2333 844 2407 hujus

490 2413 612 2470 Novum
627 2413 738 2469 effulsit
752 2413 840 2470 sidus.

449 2519 524 2577 Haec
539 2527 583 2577 est
597 2519 668 2590 dice,
684 2538 772 2595 quam
786 2519 918 2577 illustrat

488 2601 555 2657 Lux
569 2601 641 2657 novi
654 2601 742 2676 hujus
756 2601 860 2658 sideris
872 2621 881 2672 ;

449 2683 491 2738 Et
505 2703 594 2758 quam
609 2682 693 2738 rivus
706 2681 839 2738 laetificat

488 2762 621 2820 Caelestis
634 2763 724 2839 hujus
737 2763 873 2820 nectaris,

448 2868 533 2925 Assis
547 2868 623 2943 pius,
639 2873 724 2944 pater
737 2874 845 2940 sancte,

447 2948 536 3005 Diem
549 2950 649 3019 istum,
666 2949 691 3005 Ο
706 2949 867 3019 Willelme,

486 3029 718 3086 Celebrantibua

446 3135 492 3191 Tu
506 3155 537 3192 es
550 3155 677 3211 namque
692 3136 774 3193 rivus
788 3137 852 3206 iste,

446 3216 492 3271 Tu
505 3236 536 3273 es
549 3217 630 3273 sidus
644 3216 698 3273 hac
712 3217 745 3273 in
758 3218 836 3275 valle

487 3296 616 3373 Fulgens
631 3298 752 3355 caelitus.

445 3405 491 3462 Tu
505 3405 537 3461 in
551 3405 639 3462 terris
652 3407 827 3481 praesulatus

447 3486 534 3543 Mitis
547 3487 629 3563 gregi
642 3493 743 3563 pastor
756 3488 843 3544 datus

486 3566 690 3624 conscendisti
703 3568 828 3644 fastigia.

445 3671 502 3728 Sed
516 3672 609 3734 livore
622 3679 815 3749 persequente

444 3752 485 3808 Et
499 3751 609 3828 injuste
624 3755 809 3829 praevalente,

485 3833 617 3890 Tandem
631 3834 711 3891 subis
725 3836 838 3892 exsilia.

445 3936 494 3993 Ibi
507 3943 616 4007 mente,
631 3938 739 4010 verbis,
754 3945 831 4010 actu,

484 4017 524 4074 In
537 4019 637 4074 virum
650 4026 783 4076 mutatus
796 4020 889 4077 alium
901 4039 910 4091 3

444 4097 559 4155 Primas
572 4099 669 4156 fiendo
682 4100 800 4157 delicias

484 4179 552 4236 Tibi
565 4180 696 4256 geminas
709 4181 896 4257 supplicium.

179 4301 260 4371 ³¹·MS.
272 4301 358 4372 Gela
368 4271 513 4363 Depositioue
522 4303 546 4349 S.
563 4304 677 4364 Willelmi,
691 4305 856 4366 archiepiscopi
870 4305 1030 4364 mosacensis,
1041 4304 1164 4352 Dmniitioo
1178 4305 1247 4368 infin
1262 4313 1286 4355 ct
1298 4304 1326 4361 in

124 4360 246 4479 omilim
255 4420 328 4466 MSS.
341 4421 359 4466 G
370 4421 419 4466 ond
429 4422 457 4468 F.
489 4422 549 4468 ndu
561 4424 610 4469 and
619 4423 672 4471 MS.
684 4424 842 4483 D-pietatis.
