<?xml version="1.0" encoding="UTF-8"?>
<!DOCTYPE html PUBLIC "-//W3C//DTD XHTML 1.0 Transitional//EN"
    "http://www.w3.org/TR/xhtml1/DTD/xhtml1-transitional.dtd">
<html xmlns="http://www.w3.org/1999/xhtml" xml:lang="en" lang="en">
 <head>
  <title>
</title>
<meta http-equiv="Content-Type" content="text/html;charset=utf-8" />
  <meta name='ocr-system' content='tesseract 3.04.00' />
  <meta name='ocr-capabilities' content='ocr_page ocr_carea ocr_par ocr_line ocrx_word'/>
</head>
<body>
  <div class='ocr_page' id='page_1' title='image "./missaleadusumin01churgoog_0247.png"; bbox 0 0 2910 4904; ppageno 0'>
   <div class='ocr_carea' id='block_1_1' title="bbox 499 276 951 345">
    <p class='ocr_par' dir='ltr' id='par_1_1' title="bbox 499 276 951 345">
     <span class='ocr_line' id='line_1_1' title="bbox 499 276 951 345; baseline 0.007 -3"><span class='ocrx_word' id='word_1_1' title='bbox 499 277 608 343; x_wconf 83' lang='lat' dir='ltr'>Misso</span> <span class='ocrx_word' id='word_1_2' title='bbox 630 277 669 343; x_wconf 80' lang='lat' dir='ltr'>de</span> <span class='ocrx_word' id='word_1_3' title='bbox 689 276 838 344; x_wconf 77' lang='lat' dir='ltr'>Nomine</span> <span class='ocrx_word' id='word_1_4' title='bbox 858 278 951 345; x_wconf 81' lang='lat' dir='ltr'>Jesu.</span> 
     </span>
    </p>
   </div>
   <div class='ocr_carea' id='block_1_2' title="bbox 437 444 996 4152">
    <p class='ocr_par' dir='ltr' id='par_1_2' title="bbox 472 444 804 518">
     <span class='ocr_line' id='line_1_2' title="bbox 472 444 804 518; baseline 0.003 -17"><span class='ocrx_word' id='word_1_5' title='bbox 472 444 568 502; x_wconf 84' lang='lat' dir='ltr'>Amat</span> <span class='ocrx_word' id='word_1_6' title='bbox 581 444 804 518; x_wconf 83' lang='lat' dir='ltr'>ferventissime,</span> 
     </span>
    </p>

    <p class='ocr_par' dir='ltr' id='par_1_3' title="bbox 512 526 866 763">
     <span class='ocr_line' id='line_1_3' title="bbox 513 526 866 598; baseline 0.003 -16"><span class='ocrx_word' id='word_1_7' title='bbox 513 528 608 583; x_wconf 86' lang='lat' dir='ltr'>Amat</span> <span class='ocrx_word' id='word_1_8' title='bbox 621 526 866 598; x_wconf 77' lang='lat' dir='ltr'>constantissime,</span> 
     </span>
     <span class='ocr_line' id='line_1_4' title="bbox 512 606 798 679; baseline 0.003 -16"><span class='ocrx_word' id='word_1_9' title='bbox 512 607 609 663; x_wconf 82' lang='lat' dir='ltr'>Amat</span> <span class='ocrx_word' id='word_1_10' title='bbox 621 606 798 679; x_wconf 88' lang='lat' dir='ltr'>fidelissime,</span> 
     </span>
     <span class='ocr_line' id='line_1_5' title="bbox 515 687 842 763; baseline 0.006 -19"><span class='ocrx_word' id='word_1_11' title='bbox 515 687 556 744; x_wconf 84' lang='lat' dir='ltr'>Et</span> <span class='ocrx_word' id='word_1_12' title='bbox 568 707 637 745; x_wconf 89' lang='lat' dir='ltr'>suos</span> <span class='ocrx_word' id='word_1_13' title='bbox 650 688 718 744; x_wconf 87' lang='lat' dir='ltr'>vult</span> <span class='ocrx_word' id='word_1_14' title='bbox 727 688 842 763; x_wconf 81' lang='lat' dir='ltr'>juvare.</span> 
     </span>
    </p>

    <p class='ocr_par' dir='ltr' id='par_1_4' title="bbox 472 767 859 840">
     <span class='ocr_line' id='line_1_6' title="bbox 472 767 859 840; baseline 0.005 -16"><span class='ocrx_word' id='word_1_15' title='bbox 472 767 593 825; x_wconf 80' lang='lat' dir='ltr'><strong>Nomen</strong></span> <span class='ocrx_word' id='word_1_16' title='bbox 606 787 694 825; x_wconf 89' lang='lat' dir='ltr'>suum</span> <span class='ocrx_word' id='word_1_17' title='bbox 706 768 777 826; x_wconf 85' lang='lat' dir='ltr'>fecit</span> <span class='ocrx_word' id='word_1_18' title='bbox 789 767 859 840; x_wconf 78' lang='lat' dir='ltr'>tale,</span> 
     </span>
    </p>

    <p class='ocr_par' dir='ltr' id='par_1_5' title="bbox 512 847 889 1069">
     <span class='ocr_line' id='line_1_7' title="bbox 512 847 889 921; baseline 0 -15"><span class='ocrx_word' id='word_1_19' title='bbox 512 847 560 906; x_wconf 88' lang='lat' dir='ltr'>Ut</span> <span class='ocrx_word' id='word_1_20' title='bbox 573 848 613 905; x_wconf 89' lang='lat' dir='ltr'>sit</span> <span class='ocrx_word' id='word_1_21' title='bbox 626 850 740 906; x_wconf 86' lang='lat' dir='ltr'>cunctis</span> <span class='ocrx_word' id='word_1_22' title='bbox 753 848 889 921; x_wconf 79' lang='lat' dir='ltr'>cordislc,</span> 
     </span>
     <span class='ocr_line' id='line_1_8' title="bbox 513 929 841 1007; baseline 0.003 -21"><span class='ocrx_word' id='word_1_23' title='bbox 513 929 655 1005; x_wconf 80' lang='lat' dir='ltr'>Capitale,</span> <span class='ocrx_word' id='word_1_24' title='bbox 670 929 841 1007; x_wconf 73' lang='lat' dir='ltr'>principale,</span> 
     </span>
     <span class='ocr_line' id='line_1_9' title="bbox 513 1010 854 1069; baseline 0.003 -2"><span class='ocrx_word' id='word_1_25' title='bbox 513 1010 666 1068; x_wconf 78' lang='lat' dir='ltr'><strong>Dilectum</strong></span> <span class='ocrx_word' id='word_1_26' title='bbox 679 1030 717 1068; x_wconf 88' lang='lat' dir='ltr'>ex</span> <span class='ocrx_word' id='word_1_27' title='bbox 730 1010 854 1069; x_wconf 85' lang='lat' dir='ltr'>intimis.</span> 
     </span>
    </p>

    <p class='ocr_par' dir='ltr' id='par_1_6' title="bbox 472 1089 881 1168">
     <span class='ocr_line' id='line_1_10' title="bbox 472 1089 881 1168; baseline 0.005 -21"><span class='ocrx_word' id='word_1_28' title='bbox 472 1089 597 1148; x_wconf 78' lang='lat' dir='ltr'>Habent</span> <span class='ocrx_word' id='word_1_29' title='bbox 610 1091 665 1149; x_wconf 92' lang='lat' dir='ltr'>hoc</span> <span class='ocrx_word' id='word_1_30' title='bbox 678 1097 793 1149; x_wconf 80' lang='lat' dir='ltr'>nuturae</span> <span class='ocrx_word' id='word_1_31' title='bbox 801 1092 881 1168; x_wconf 83' lang='lat' dir='ltr'>jura,</span> 
     </span>
    </p>

    <p class='ocr_par' dir='ltr' id='par_1_7' title="bbox 511 1170 884 1392">
     <span class='ocr_line' id='line_1_11' title="bbox 512 1170 884 1231; baseline 0.008 -3"><span class='ocrx_word' id='word_1_32' title='bbox 512 1170 560 1229; x_wconf 89' lang='lat' dir='ltr'>Ut</span> <span class='ocrx_word' id='word_1_33' title='bbox 574 1178 723 1229; x_wconf 79' lang='lat' dir='ltr'>amantem</span> <span class='ocrx_word' id='word_1_34' title='bbox 736 1179 801 1230; x_wconf 81' lang='lat' dir='ltr'>totu</span> <span class='ocrx_word' id='word_1_35' title='bbox 813 1192 884 1231; x_wconf 79' lang='lat' dir='ltr'>curs</span> 
     </span>
     <span class='ocr_line' id='line_1_12' title="bbox 511 1252 861 1329; baseline 0.006 -20"><span class='ocrx_word' id='word_1_36' title='bbox 511 1252 700 1324; x_wconf 82' lang='lat' dir='ltr'>Rccmemus,</span> <span class='ocrx_word' id='word_1_37' title='bbox 714 1252 861 1329; x_wconf 79' lang='lat' dir='ltr'>placituro</span> 
     </span>
     <span class='ocr_line' id='line_1_13' title="bbox 512 1332 870 1392; baseline 0.003 -2"><span class='ocrx_word' id='word_1_38' title='bbox 512 1332 691 1391; x_wconf 82' lang='lat' dir='ltr'>Praestentes</span> <span class='ocrx_word' id='word_1_39' title='bbox 705 1354 743 1391; x_wconf 88' lang='lat' dir='ltr'>ex</span> <span class='ocrx_word' id='word_1_40' title='bbox 756 1333 870 1392; x_wconf 81' lang='lat' dir='ltr'>animis</span> 
     </span>
    </p>

    <p class='ocr_par' dir='ltr' id='par_1_8' title="bbox 470 1414 962 1715">
     <span class='ocr_line' id='line_1_14' title="bbox 470 1414 891 1473; baseline 0 0"><span class='ocrx_word' id='word_1_41' title='bbox 470 1414 494 1473; x_wconf 87' lang='lat' dir='ltr'><strong>J</strong></span> <span class='ocrx_word' id='word_1_42' title='bbox 493 1433 546 1473; x_wconf 86' lang='lat' dir='ltr'>esu</span> <span class='ocrx_word' id='word_1_43' title='bbox 559 1434 667 1472; x_wconf 88' lang='lat' dir='ltr'>nomen</span> <span class='ocrx_word' id='word_1_44' title='bbox 680 1434 767 1472; x_wconf 90' lang='lat' dir='ltr'>omne</span> <span class='ocrx_word' id='word_1_45' title='bbox 780 1416 891 1473; x_wconf 89' lang='lat' dir='ltr'>bonum</span> 
     </span>
     <span class='ocr_line' id='line_1_15' title="bbox 512 1494 957 1568; baseline 0.002 -16"><span class='ocrx_word' id='word_1_46' title='bbox 512 1495 613 1568; x_wconf 81' lang='lat' dir='ltr'>Tenet,</span> <span class='ocrx_word' id='word_1_47' title='bbox 629 1494 745 1553; x_wconf 82' lang='lat' dir='ltr'><strong>dulcem</strong></span> <span class='ocrx_word' id='word_1_48' title='bbox 758 1496 830 1553; x_wconf 81' lang='lat' dir='ltr'>fucit</span> <span class='ocrx_word' id='word_1_49' title='bbox 843 1514 957 1568; x_wconf 87' lang='lat' dir='ltr'>sonum,</span> 
     </span>
     <span class='ocr_line' id='line_1_16' title="bbox 510 1575 962 1654; baseline 0.002 -21"><span class='ocrx_word' id='word_1_50' title='bbox 510 1575 701 1634; x_wconf 87' lang='lat' dir='ltr'>Promcretur</span> <span class='ocrx_word' id='word_1_51' title='bbox 715 1576 799 1654; x_wconf 86' lang='lat' dir='ltr'>regni</span> <span class='ocrx_word' id='word_1_52' title='bbox 811 1576 962 1650; x_wconf 88' lang='lat' dir='ltr'>thronum,</span> 
     </span>
     <span class='ocr_line' id='line_1_17' title="bbox 509 1657 813 1715; baseline 0.003 -1"><span class='ocrx_word' id='word_1_53' title='bbox 509 1657 661 1714; x_wconf 85' lang='lat' dir='ltr'>Auditum</span> <span class='ocrx_word' id='word_1_54' title='bbox 673 1657 813 1715; x_wconf 76' lang='lat' dir='ltr'>laetificat.</span> 
     </span>
    </p>

    <p class='ocr_par' dir='ltr' id='par_1_9' title="bbox 468 1736 953 2058">
     <span class='ocr_line' id='line_1_18' title="bbox 468 1736 943 1814; baseline 0.004 -20"><span class='ocrx_word' id='word_1_55' title='bbox 468 1736 509 1794; x_wconf 91' lang='lat' dir='ltr'>In</span> <span class='ocrx_word' id='word_1_56' title='bbox 522 1737 578 1795; x_wconf 90' lang='lat' dir='ltr'>hoc</span> <span class='ocrx_word' id='word_1_57' title='bbox 590 1737 669 1796; x_wconf 85' lang='lat' dir='ltr'>lucet</span> <span class='ocrx_word' id='word_1_58' title='bbox 682 1737 820 1814; x_wconf 81' lang='lat' dir='ltr'>splendor</span> <span class='ocrx_word' id='word_1_59' title='bbox 832 1738 943 1811; x_wconf 81' lang='lat' dir='ltr'>Patris,</span> 
     </span>
     <span class='ocr_line' id='line_1_19' title="bbox 510 1817 939 1894; baseline 0.002 -19"><span class='ocrx_word' id='word_1_60' title='bbox 510 1817 549 1875; x_wconf 93' lang='lat' dir='ltr'>In</span> <span class='ocrx_word' id='word_1_61' title='bbox 563 1817 618 1876; x_wconf 90' lang='lat' dir='ltr'>hoc</span> <span class='ocrx_word' id='word_1_62' title='bbox 631 1823 714 1894; x_wconf 80' lang='lat' dir='ltr'>putet</span> <span class='ocrx_word' id='word_1_63' title='bbox 727 1818 814 1877; x_wconf 91' lang='lat' dir='ltr'>decor</span> <span class='ocrx_word' id='word_1_64' title='bbox 826 1819 939 1891; x_wconf 79' lang='lat' dir='ltr'>metris,</span> 
     </span>
     <span class='ocr_line' id='line_1_20' title="bbox 509 1899 953 1976; baseline 0.002 -20"><span class='ocrx_word' id='word_1_65' title='bbox 509 1899 549 1956; x_wconf 94' lang='lat' dir='ltr'>In</span> <span class='ocrx_word' id='word_1_66' title='bbox 562 1899 617 1957; x_wconf 92' lang='lat' dir='ltr'>hoc</span> <span class='ocrx_word' id='word_1_67' title='bbox 629 1899 724 1976; x_wconf 84' lang='lat' dir='ltr'>fulget</span> <span class='ocrx_word' id='word_1_68' title='bbox 737 1900 831 1958; x_wconf 92' lang='lat' dir='ltr'>honor</span> <span class='ocrx_word' id='word_1_69' title='bbox 843 1899 953 1973; x_wconf 82' lang='lat' dir='ltr'>fratris,</span> 
     </span>
     <span class='ocr_line' id='line_1_21' title="bbox 508 1978 894 2058; baseline 0.005 -22"><span class='ocrx_word' id='word_1_70' title='bbox 508 1978 584 2038; x_wconf 84' lang='lat' dir='ltr'>Haec</span> <span class='ocrx_word' id='word_1_71' title='bbox 597 1980 703 2037; x_wconf 82' lang='lat' dir='ltr'>fratres</span> <span class='ocrx_word' id='word_1_72' title='bbox 717 1981 894 2058; x_wconf 76' lang='lat' dir='ltr'>magnificat.</span> 
     </span>
    </p>

    <p class='ocr_par' dir='ltr' id='par_1_10' title="bbox 467 2059 996 2362">
     <span class='ocr_line' id='line_1_22' title="bbox 467 2059 968 2136; baseline 0 -18"><span class='ocrx_word' id='word_1_73' title='bbox 467 2059 566 2136; x_wconf 79' lang='lat' dir='ltr'>Caput</span> <span class='ocrx_word' id='word_1_74' title='bbox 575 2060 597 2119; x_wconf 87' lang='lat' dir='ltr'><strong>J</strong></span> <span class='ocrx_word' id='word_1_75' title='bbox 598 2081 657 2133; x_wconf 89' lang='lat' dir='ltr'>esu,</span> <span class='ocrx_word' id='word_1_76' title='bbox 673 2080 731 2135; x_wconf 90' lang='lat' dir='ltr'>cor,</span> <span class='ocrx_word' id='word_1_77' title='bbox 746 2080 838 2134; x_wconf 90' lang='lat' dir='ltr'>mens,</span> <span class='ocrx_word' id='word_1_78' title='bbox 854 2080 968 2134; x_wconf 79' lang='lat' dir='ltr'>manus,</span> 
     </span>
     <span class='ocr_line' id='line_1_23' title="bbox 507 2140 996 2218; baseline 0.008 -21"><span class='ocrx_word' id='word_1_79' title='bbox 507 2140 636 2214; x_wconf 84' lang='lat' dir='ltr'>Vulnus,</span> <span class='ocrx_word' id='word_1_80' title='bbox 651 2143 735 2211; x_wconf 78' lang='lat' dir='ltr'>livor,</span> <span class='ocrx_word' id='word_1_81' title='bbox 750 2142 868 2218; x_wconf 83' lang='lat' dir='ltr'>sanguis</span> <span class='ocrx_word' id='word_1_82' title='bbox 880 2143 996 2218; x_wconf 74' lang='lat' dir='ltr'>planus,</span> 
     </span>
     <span class='ocr_line' id='line_1_24' title="bbox 506 2221 952 2300; baseline 0.004 -21"><span class='ocrx_word' id='word_1_83' title='bbox 506 2221 611 2294; x_wconf 82' lang='lat' dir='ltr'>Pedes,</span> <span class='ocrx_word' id='word_1_84' title='bbox 627 2242 742 2300; x_wconf 90' lang='lat' dir='ltr'>corpus,</span> <span class='ocrx_word' id='word_1_85' title='bbox 756 2224 840 2300; x_wconf 85' lang='lat' dir='ltr'>vigor</span> <span class='ocrx_word' id='word_1_86' title='bbox 853 2242 952 2297; x_wconf 67' lang='lat' dir='ltr'>mnus,</span> 
     </span>
     <span class='ocr_line' id='line_1_25' title="bbox 506 2302 846 2362; baseline 0.006 -2"><span class='ocrx_word' id='word_1_87' title='bbox 506 2302 657 2361; x_wconf 80' lang='lat' dir='ltr'>Parentur</span> <span class='ocrx_word' id='word_1_88' title='bbox 669 2303 846 2362; x_wconf 84' lang='lat' dir='ltr'>hominibus.</span> 
     </span>
    </p>

    <p class='ocr_par' dir='ltr' id='par_1_11' title="bbox 437 2383 927 2704">
     <span class='ocr_line' id='line_1_26' title="bbox 437 2383 927 2460; baseline 0.002 -19"><span class='ocrx_word' id='word_1_89' title='bbox 437 2389 456 2423; x_wconf 52' lang='grc' dir='ltr'><em>θ</em></span> <span class='ocrx_word' id='word_1_90' title='bbox 467 2383 542 2442; x_wconf 85' lang='lat' dir='ltr'>Haec</span> <span class='ocrx_word' id='word_1_91' title='bbox 556 2390 734 2460; x_wconf 74' lang='lat' dir='ltr'>torquentur</span> <span class='ocrx_word' id='word_1_92' title='bbox 746 2404 831 2460; x_wconf 80' lang='lat' dir='ltr'>passa</span> <span class='ocrx_word' id='word_1_93' title='bbox 844 2385 927 2457; x_wconf 74' lang='lat' dir='ltr'>dura,</span> 
     </span>
     <span class='ocr_line' id='line_1_27' title="bbox 508 2466 853 2524; baseline 0.003 -1"><span class='ocrx_word' id='word_1_94' title='bbox 508 2466 568 2523; x_wconf 88' lang='lat' dir='ltr'>His</span> <span class='ocrx_word' id='word_1_95' title='bbox 581 2466 686 2522; x_wconf 83' lang='lat' dir='ltr'>laesura</span> <span class='ocrx_word' id='word_1_96' title='bbox 700 2472 730 2522; x_wconf 89' lang='lat' dir='ltr'>et</span> <span class='ocrx_word' id='word_1_97' title='bbox 744 2472 853 2524; x_wconf 79' lang='lat' dir='ltr'>natura</span> 
     </span>
     <span class='ocr_line' id='line_1_28' title="bbox 508 2545 855 2622; baseline 0.003 -19"><span class='ocrx_word' id='word_1_98' title='bbox 508 2545 700 2622; x_wconf 80' lang='lat' dir='ltr'>Reparantur</span> <span class='ocrx_word' id='word_1_99' title='bbox 713 2547 763 2622; x_wconf 82' lang='lat' dir='ltr'>pic</span> <span class='ocrx_word' id='word_1_100' title='bbox 775 2566 855 2620; x_wconf 81' lang='lat' dir='ltr'>curu,</span> 
     </span>
     <span class='ocr_line' id='line_1_29' title="bbox 508 2626 842 2704; baseline 0.003 -21"><span class='ocrx_word' id='word_1_101' title='bbox 508 2626 648 2704; x_wconf 80' lang='lat' dir='ltr'>Purgatio</span> <span class='ocrx_word' id='word_1_102' title='bbox 661 2627 842 2684; x_wconf 84' lang='lat' dir='ltr'>criminibus.</span> 
     </span>
    </p>

    <p class='ocr_par' dir='ltr' id='par_1_12' title="bbox 467 2707 903 3023">
     <span class='ocr_line' id='line_1_30' title="bbox 467 2707 850 2784; baseline 0.005 -20"><span class='ocrx_word' id='word_1_103' title='bbox 467 2707 548 2783; x_wconf 82' lang='lat' dir='ltr'>Ergo</span> <span class='ocrx_word' id='word_1_104' title='bbox 561 2709 587 2765; x_wconf 89' lang='lat' dir='ltr'>si</span> <span class='ocrx_word' id='word_1_105' title='bbox 600 2708 667 2784; x_wconf 91' lang='lat' dir='ltr'>quis</span> <span class='ocrx_word' id='word_1_106' title='bbox 681 2708 754 2764; x_wconf 85' lang='lat' dir='ltr'>velit</span> <span class='ocrx_word' id='word_1_107' title='bbox 768 2708 850 2779; x_wconf 89' lang='lat' dir='ltr'>scire,</span> 
     </span>
     <span class='ocr_line' id='line_1_31' title="bbox 507 2788 903 2857; baseline 0 -12"><span class='ocrx_word' id='word_1_108' title='bbox 507 2788 606 2857; x_wconf 82' lang='lat' dir='ltr'>Quare</span> <span class='ocrx_word' id='word_1_109' title='bbox 619 2808 728 2846; x_wconf 90' lang='lat' dir='ltr'>nomen</span> <span class='ocrx_word' id='word_1_110' title='bbox 741 2788 763 2847; x_wconf 89' lang='lat' dir='ltr'><strong>J</strong></span> <span class='ocrx_word' id='word_1_111' title='bbox 764 2808 816 2846; x_wconf 85' lang='lat' dir='ltr'>esu</span> <span class='ocrx_word' id='word_1_112' title='bbox 828 2788 903 2845; x_wconf 89' lang='lat' dir='ltr'>mire</span> 
     </span>
     <span class='ocr_line' id='line_1_32' title="bbox 509 2869 868 2946; baseline 0 -20"><span class='ocrx_word' id='word_1_113' title='bbox 509 2869 593 2927; x_wconf 81' lang='lat' dir='ltr'>Facit</span> <span class='ocrx_word' id='word_1_114' title='bbox 607 2871 698 2927; x_wconf 88' lang='lat' dir='ltr'>bonos</span> <span class='ocrx_word' id='word_1_115' title='bbox 712 2869 868 2946; x_wconf 89' lang='lat' dir='ltr'>concupire</span> 
     </span>
     <span class='ocr_line' id='line_1_33' title="bbox 509 2950 791 3023; baseline 0.004 -16"><span class='ocrx_word' id='word_1_116' title='bbox 509 2950 563 3007; x_wconf 79' lang='lat' dir='ltr'>Sui</span> <span class='ocrx_word' id='word_1_117' title='bbox 576 2950 791 3023; x_wconf 79' lang='lat' dir='ltr'>inhaerentiam,</span> 
     </span>
    </p>

    <p class='ocr_par' dir='ltr' id='par_1_13' title="bbox 466 3031 914 3331">
     <span class='ocr_line' id='line_1_34' title="bbox 466 3031 847 3107; baseline 0.003 -19"><span class='ocrx_word' id='word_1_118' title='bbox 466 3031 488 3089; x_wconf 89' lang='lat' dir='ltr'><strong>J</strong></span> <span class='ocrx_word' id='word_1_119' title='bbox 489 3051 541 3089; x_wconf 86' lang='lat' dir='ltr'>esu</span> <span class='ocrx_word' id='word_1_120' title='bbox 554 3031 677 3107; x_wconf 85' lang='lat' dir='ltr'>pulcher</span> <span class='ocrx_word' id='word_1_121' title='bbox 689 3032 722 3088; x_wconf 92' lang='lat' dir='ltr'>in</span> <span class='ocrx_word' id='word_1_122' title='bbox 736 3031 847 3104; x_wconf 85' lang='lat' dir='ltr'>decore,</span> 
     </span>
     <span class='ocr_line' id='line_1_35' title="bbox 508 3111 904 3183; baseline -0.003 -14"><span class='ocrx_word' id='word_1_123' title='bbox 508 3111 628 3169; x_wconf 82' lang='lat' dir='ltr'>Summe</span> <span class='ocrx_word' id='word_1_124' title='bbox 643 3113 736 3169; x_wconf 84' lang='lat' dir='ltr'>bonus</span> <span class='ocrx_word' id='word_1_125' title='bbox 750 3113 783 3169; x_wconf 88' lang='lat' dir='ltr'>in</span> <span class='ocrx_word' id='word_1_126' title='bbox 796 3112 904 3183; x_wconf 81' lang='lat' dir='ltr'>valore,</span> 
     </span>
     <span class='ocr_line' id='line_1_36' title="bbox 505 3192 914 3265; baseline 0.002 -15"><span class='ocrx_word' id='word_1_127' title='bbox 505 3193 601 3263; x_wconf 85' lang='lat' dir='ltr'>Mitis,</span> <span class='ocrx_word' id='word_1_128' title='bbox 617 3192 691 3250; x_wconf 88' lang='lat' dir='ltr'>lenis</span> <span class='ocrx_word' id='word_1_129' title='bbox 705 3212 773 3250; x_wconf 90' lang='lat' dir='ltr'>cum</span> <span class='ocrx_word' id='word_1_130' title='bbox 786 3192 914 3265; x_wconf 88' lang='lat' dir='ltr'>dulcore,</span> 
     </span>
     <span class='ocr_line' id='line_1_37' title="bbox 504 3273 881 3331; baseline 0.003 -1"><span class='ocrx_word' id='word_1_131' title='bbox 504 3273 621 3330; x_wconf 86' lang='lat' dir='ltr'>Pronus</span> <span class='ocrx_word' id='word_1_132' title='bbox 635 3273 672 3330; x_wconf 80' lang='lat' dir='ltr'>sd</span> <span class='ocrx_word' id='word_1_133' title='bbox 686 3273 881 3331; x_wconf 80' lang='lat' dir='ltr'>clementiam.</span> 
     </span>
    </p>

    <p class='ocr_par' dir='ltr' id='par_1_14' title="bbox 464 3354 858 3430">
     <span class='ocr_line' id='line_1_38' title="bbox 464 3354 858 3430; baseline -0.003 -17"><span class='ocrx_word' id='word_1_134' title='bbox 464 3354 486 3413; x_wconf 86' lang='lat' dir='ltr'><strong>J</strong></span> <span class='ocrx_word' id='word_1_135' title='bbox 487 3375 553 3412; x_wconf 87' lang='lat' dir='ltr'>esus</span> <span class='ocrx_word' id='word_1_136' title='bbox 567 3362 612 3411; x_wconf 88' lang='lat' dir='ltr'>est</span> <span class='ocrx_word' id='word_1_137' title='bbox 625 3374 680 3412; x_wconf 88' lang='lat' dir='ltr'>rex</span> <span class='ocrx_word' id='word_1_138' title='bbox 692 3374 858 3430; x_wconf 82' lang='lat' dir='ltr'>generosus,</span> 
     </span>
    </p>

    <p class='ocr_par' dir='ltr' id='par_1_15' title="bbox 476 3436 871 3673">
     <span class='ocr_line' id='line_1_39' title="bbox 503 3436 871 3512; baseline 0 -19"><span class='ocrx_word' id='word_1_139' title='bbox 503 3436 525 3493; x_wconf 89' lang='lat' dir='ltr'><strong>J</strong></span> <span class='ocrx_word' id='word_1_140' title='bbox 527 3455 593 3493; x_wconf 87' lang='lat' dir='ltr'>esus</span> <span class='ocrx_word' id='word_1_141' title='bbox 606 3436 701 3492; x_wconf 85' lang='lat' dir='ltr'>forma</span> <span class='ocrx_word' id='word_1_142' title='bbox 715 3436 871 3512; x_wconf 87' lang='lat' dir='ltr'>speciosus,</span> 
     </span>
     <span class='ocr_line' id='line_1_40' title="bbox 476 3516 868 3593; baseline -0.008 -16"><span class='ocrx_word' id='word_1_143' title='bbox 476 3517 592 3577; x_wconf 73' lang='lat' dir='ltr'>lJesus</span> <span class='ocrx_word' id='word_1_144' title='bbox 606 3516 708 3592; x_wconf 76' lang='lat' dir='ltr'>lingua</span> <span class='ocrx_word' id='word_1_145' title='bbox 721 3517 868 3593; x_wconf 82' lang='lat' dir='ltr'>gratiosus</span> 
     </span>
     <span class='ocr_line' id='line_1_41' title="bbox 504 3597 820 3673; baseline 0.006 -20"><span class='ocrx_word' id='word_1_146' title='bbox 504 3597 545 3654; x_wconf 87' lang='lat' dir='ltr'>Et</span> <span class='ocrx_word' id='word_1_147' title='bbox 560 3597 711 3654; x_wconf 81' lang='lat' dir='ltr'>mirandus</span> <span class='ocrx_word' id='word_1_148' title='bbox 725 3616 820 3673; x_wconf 87' lang='lat' dir='ltr'>opere.</span> 
     </span>
    </p>

    <p class='ocr_par' dir='ltr' id='par_1_16' title="bbox 463 3677 864 3996">
     <span class='ocr_line' id='line_1_42' title="bbox 463 3677 835 3750; baseline -0.005 -14"><span class='ocrx_word' id='word_1_149' title='bbox 463 3677 485 3736; x_wconf 89' lang='lat' dir='ltr'><strong>J</strong></span> <span class='ocrx_word' id='word_1_150' title='bbox 486 3698 552 3736; x_wconf 87' lang='lat' dir='ltr'>esus</span> <span class='ocrx_word' id='word_1_151' title='bbox 566 3679 660 3749; x_wconf 84' lang='lat' dir='ltr'>sortis,</span> <span class='ocrx_word' id='word_1_152' title='bbox 675 3678 835 3750; x_wconf 83' lang='lat' dir='ltr'>animosus,</span> 
     </span>
     <span class='ocr_line' id='line_1_43' title="bbox 502 3758 864 3835; baseline -0.008 -18"><span class='ocrx_word' id='word_1_153' title='bbox 502 3759 525 3818; x_wconf 91' lang='lat' dir='ltr'><strong>J</strong></span> <span class='ocrx_word' id='word_1_154' title='bbox 526 3779 592 3816; x_wconf 88' lang='lat' dir='ltr'>esus</span> <span class='ocrx_word' id='word_1_155' title='bbox 606 3758 689 3835; x_wconf 82' lang='lat' dir='ltr'>pugil</span> <span class='ocrx_word' id='word_1_156' title='bbox 704 3759 864 3834; x_wconf 83' lang='lat' dir='ltr'>vigorosus,</span> 
     </span>
     <span class='ocr_line' id='line_1_44' title="bbox 502 3839 840 3915; baseline -0.003 -18"><span class='ocrx_word' id='word_1_157' title='bbox 502 3840 524 3897; x_wconf 89' lang='lat' dir='ltr'><strong>J</strong></span> <span class='ocrx_word' id='word_1_158' title='bbox 525 3859 593 3897; x_wconf 86' lang='lat' dir='ltr'>esus</span> <span class='ocrx_word' id='word_1_159' title='bbox 607 3840 693 3896; x_wconf 88' lang='lat' dir='ltr'>donis</span> <span class='ocrx_word' id='word_1_160' title='bbox 706 3839 840 3915; x_wconf 85' lang='lat' dir='ltr'>copiosus</span> 
     </span>
     <span class='ocr_line' id='line_1_45' title="bbox 503 3920 820 3996; baseline 0 -20"><span class='ocrx_word' id='word_1_161' title='bbox 503 3920 545 3976; x_wconf 87' lang='lat' dir='ltr'>Et</span> <span class='ocrx_word' id='word_1_162' title='bbox 557 3920 667 3996; x_wconf 82' lang='lat' dir='ltr'>gaudet</span> <span class='ocrx_word' id='word_1_163' title='bbox 680 3920 820 3977; x_wconf 86' lang='lat' dir='ltr'>tribuere.</span> 
     </span>
    </p>

    <p class='ocr_par' dir='ltr' id='par_1_17' title="bbox 461 4001 797 4077">
     <span class='ocr_line' id='line_1_46' title="bbox 461 4001 797 4077; baseline -0.003 -18"><span class='ocrx_word' id='word_1_164' title='bbox 461 4001 483 4059; x_wconf 91' lang='lat' dir='ltr'><strong>J</strong></span> <span class='ocrx_word' id='word_1_165' title='bbox 484 4021 552 4058; x_wconf 84' lang='lat' dir='ltr'>esus</span> <span class='ocrx_word' id='word_1_166' title='bbox 565 4002 613 4077; x_wconf 88' lang='lat' dir='ltr'>pie</span> <span class='ocrx_word' id='word_1_167' title='bbox 625 4002 797 4071; x_wconf 84' lang='lat' dir='ltr'>viscerosus,</span> 
     </span>
    </p>

    <p class='ocr_par' dir='ltr' id='par_1_18' title="bbox 501 4081 918 4152">
     <span class='ocr_line' id='line_1_47' title="bbox 501 4081 918 4152; baseline 0.002 -12"><span class='ocrx_word' id='word_1_168' title='bbox 501 4082 523 4140; x_wconf 88' lang='lat' dir='ltr'><strong>J</strong></span> <span class='ocrx_word' id='word_1_169' title='bbox 526 4101 592 4139; x_wconf 88' lang='lat' dir='ltr'>esus</span> <span class='ocrx_word' id='word_1_170' title='bbox 605 4081 711 4139; x_wconf 87' lang='lat' dir='ltr'>ductor</span> <span class='ocrx_word' id='word_1_171' title='bbox 723 4081 918 4152; x_wconf 83' lang='lat' dir='ltr'>luminosus‚†</span> 
     </span>
    </p>
   </div>
   <div class='ocr_carea' id='block_1_3' title="bbox 435 4269 945 4389">
    <p class='ocr_par' dir='ltr' id='par_1_19' title="bbox 435 4269 945 4389">
     <span class='ocr_line' id='line_1_48' title="bbox 435 4269 790 4330; baseline 0.008 -16"><span class='ocrx_word' id='word_1_172' title='bbox 435 4270 448 4296; x_wconf 72' lang='lat'><strong>¹</strong></span> <span class='ocrx_word' id='word_1_173' title='bbox 464 4269 511 4315; x_wconf 84' lang='lat' dir='ltr'>His</span> <span class='ocrx_word' id='word_1_174' title='bbox 521 4269 635 4315; x_wconf 83' lang='lat' dir='ltr'>foventur</span> <span class='ocrx_word' id='word_1_175' title='bbox 644 4271 710 4330; x_wconf 81' lang='lat' dir='ltr'>passi</span> <span class='ocrx_word' id='word_1_176' title='bbox 721 4272 790 4329; x_wconf 73' lang='lat' dir='ltr'>durs,</span> 
     </span>
     <span class='ocr_line' id='line_1_49' title="bbox 465 4329 945 4389; baseline 0.004 -14"><span class='ocrx_word' id='word_1_177' title='bbox 465 4331 518 4375; x_wconf 89' lang='lat' dir='ltr'>Hoc</span> <span class='ocrx_word' id='word_1_178' title='bbox 528 4329 615 4375; x_wconf 80' lang='lat' dir='ltr'>laesurs</span> <span class='ocrx_word' id='word_1_179' title='bbox 623 4334 649 4374; x_wconf 87' lang='lat' dir='ltr'>et</span> <span class='ocrx_word' id='word_1_180' title='bbox 658 4330 778 4389; x_wconf 70' lang='lat' dir='ltr'>nocitura,</span> <span class='ocrx_word' id='word_1_181' title='bbox 787 4329 945 4378; x_wconf 71' lang='lat' dir='ltr'>&amp;c-Mmul.</span> 
     </span>
    </p>
   </div>
   <div class='ocr_carea' id='block_1_4' title="bbox 140 4410 1284 4477">
    <p class='ocr_par' dir='ltr' id='par_1_20' title="bbox 140 4410 1284 4477">
     <span class='ocr_line' id='line_1_50' title="bbox 140 4410 1284 4477; baseline 0.005 -22"><span class='ocrx_word' id='word_1_182' title='bbox 140 4410 154 4470; x_wconf 83' lang='lat'>†</span> <span class='ocrx_word' id='word_1_183' title='bbox 171 4410 250 4457; x_wconf 77' lang='lat' dir='ltr'>These</span> <span class='ocrx_word' id='word_1_184' title='bbox 259 4410 327 4470; x_wconf 82' lang='lat' dir='ltr'>eight</span> <span class='ocrx_word' id='word_1_185' title='bbox 336 4410 398 4460; x_wconf 90' lang='lat' dir='ltr'>lines</span> <span class='ocrx_word' id='word_1_186' title='bbox 408 4425 448 4458; x_wconf 68' lang='lat' dir='ltr'>tre</span> <span class='ocrx_word' id='word_1_187' title='bbox 458 4412 521 4458; x_wconf 77' lang='lat' dir='ltr'>from</span> <span class='ocrx_word' id='word_1_188' title='bbox 531 4412 604 4458; x_wconf 78' lang='lat' dir='ltr'>MSS.</span> <span class='ocrx_word' id='word_1_189' title='bbox 616 4413 635 4459; x_wconf 82' lang='lat' dir='ltr'>G</span> <span class='ocrx_word' id='word_1_190' title='bbox 645 4414 694 4458; x_wconf 82' lang='lat' dir='ltr'>und</span> <span class='ocrx_word' id='word_1_191' title='bbox 703 4414 732 4459; x_wconf 80' lang='lat' dir='ltr'>F.</span> <span class='ocrx_word' id='word_1_192' title='bbox 765 4415 881 4475; x_wconf 63' lang='lat' dir='ltr'>&#39;Phryne</span> <span class='ocrx_word' id='word_1_193' title='bbox 888 4412 1021 4462; x_wconf 81' lang='lat' dir='ltr'>omiltcdin</span> <span class='ocrx_word' id='word_1_194' title='bbox 1029 4411 1073 4461; x_wconf 73' lang='lat' dir='ltr'>u»</span> <span class='ocrx_word' id='word_1_195' title='bbox 1080 4410 1284 4477; x_wconf 48' lang='grc' dir='ltr'>ΜΝ</span> 
     </span>
    </p>
   </div>
   <div class='ocr_carea' id='block_1_5' title="bbox 0 0 1460 4904">
    <p class='ocr_par' dir='ltr' id='par_1_21' title="bbox 0 0 1460 4904">
     <span class='ocr_line' id='line_1_51' title="bbox 0 0 1460 4904; baseline 0 4"><span class='ocrx_word' id='word_1_196' title='bbox 0 0 1460 4904; x_wconf 95' lang='lat' dir='ltr'> </span> 
     </span>
    </p>
   </div>
   <div class='ocr_carea' id='block_1_6' title="bbox 1174 4686 1329 4866">
    <p class='ocr_par' dir='ltr' id='par_1_22' title="bbox 1174 4686 1329 4866">
     <span class='ocr_line' id='line_1_52' title="bbox 1174 4686 1329 4866; baseline 0.006 -1"><span class='ocrx_word' id='word_1_197' title='bbox 1174 4686 1329 4866; x_wconf 55' lang='grc' dir='ltr'>,Δ</span> 
     </span>
    </p>
   </div>
  </div>
 </body>
</html>
