2910 4904
179 296 220 359 68
259 394 261 399 ¹
662 294 760 362 Festo
780 294 883 362 Jeltt.

239 459 421 520 Communia
463 460 576 539 Magna-
589 466 642 520 est.

225 539 286 680 ,iffi
298 542 357 601 leoec
376 541 483 618 Viyile'o
496 543 530 601 ia
543 542 701 602 Domestica
713 544 835 603 evenerit
844 544 962 603 dicatae·
969 544 1066 605 Misso
1078 546 1113 604 in
1127 544 1268 624 capitolo
1281 547 1376 608 eodem

178 642 224 681 ereo
246 643 262 681 o
288 631 315 682 et
341 623 450 694 ordine,
475 633 510 680 ut
536 623 570 682 ia
603 623 710 698 Viqilie
736 623 913 683 Natiuitatis
938 626 1034 686 coacti
1059 626 1208 687 Jotaoeic
1234 628 1376 707 Raptim

179 712 307 777 notetur,
323 724 389 764 oum
401 704 497 763 Misso
510 705 828 781 suprascripta—MS.
844 703 898 786 Ι).]

558 865 598 925 Iu
618 883 681 927 nm.
724 866 798 947 (viii.
814 865 884 925 Kal.
899 866 993 944 Aug.)

241 963 380 1040 Offioieore.
423 964 504 1023 Mihi
517 971 624 1024 autem

241 1046 350 1105 Oratio.
948 1072 951 1077 ·

238 1126 326 1204 Esto,
347 1126 483 1199 Domine,
508 1127 589 1202 plebi
610 1133 670 1185 tuae
694 1126 892 1185 sanctificator
918 1131 949 1184 et
972 1132 1088 1200 custos3
1118 1133 1154 1184 ut
1180 1127 1308 1205 apostoli
1328 1128 1375 1186 tui

176 1207 199 1267 J
199 1208 282 1266 acobi
302 1208 419 1266 munita
438 1207 591 1284 praesidiis,
606 1215 637 1266 et
650 1209 870 1267 conversatione
891 1206 948 1264 tibi
960 1206 1083 1285 placeat,
1099 1215 1128 1266 et
1143 1227 1246 1266 secura
1261 1209 1375 1268 deserv·

177 1289 227 1347 iat.
270 1287 331 1347 Per
345 1288 516 1346 Dominum.

237 1369 382 1428 Memorio
395 1371 430 1428 de
443 1369 584 1446 Mortpre.

237 1451 377 1526 Epistola.
420 1450 492 1508 Jam
504 1470 566 1508 non
580 1450 657 1511 estis,

239 1531 372 1590 Grodole.
415 1530 515 1588 Nimis
527 1531 673 1591 honorati.

237 1611 386 1689 Alleluya.
435 1612 464 1669 V.
488 1612 527 1668 In
540 1632 657 1671 omnem
670 1619 788 1671 terram.

237 1693 401 1768 Sequentia.
444 1692 530 1750 Clare
544 1700 721 1765 sanctorum,
735 1703 770 1750 set
783 1691 818 1749 io
832 1689 997 1750 Cornutum.

237 1773 403 1833 Secundum
416 1773 592 1832 Motttaeeem
604 1773 667 1851 (ecoe.
681 1774 796 1851 20-23).

237 1854 276 1911 In
290 1855 342 1912 illo
356 1861 496 1930 tempore,
511 1855 645 1913 Accessit
659 1855 697 1912 ad
709 1855 731 1913 J
734 1874 815 1913 esum
828 1858 924 1910 mater
936 1852 1066 1911 filiorum
1081 1853 1217 1913 Zebedaei
1231 1874 1322 1931 usqae
1335 1856 1377 1913 ad

177 1935 284 2012 quibus
298 1941 435 2011 paratum
449 1939 494 1993 est
507 1954 525 1992 a
539 1935 629 1994 Patre
642 1956 715 1996 mec.
779 1988 782 1997 .

238 2017 339 2075 Crede.

238 2097 430 2171 Offertorc‘um.
476 2097 515 2157 In
529 2118 645 2156 omnem
661 2103 776 2156 terram.

237 2177 357 2236 Secreto.

237 2258 407 2317 Oblationes
426 2261 527 2338 populi
543 2261 598 2331 tui,
614 2279 787 2337 quaesumus,
805 2259 942 2333 Domine,
956 2258 1037 2316 beati
1056 2257 1182 2335 apostoli
1201 2257 1250 2316 tui
1269 2258 1377 2318 Jacobi

175 2339 270 2415 passio
284 2341 370 2398 beata
388 2343 524 2400 conciliet
534 2362 542 2414 3
563 2347 593 2398 et
609 2361 675 2417 quae
695 2341 804 2398 nostris
823 2362 884 2400 non
904 2345 974 2419 apta
995 2345 1065 2397 sunt
1085 2339 1209 2410 meritis,
1223 2339 1299 2398 fiant
1318 2340 1377 2399 tibi

175 2421 285 2496 placita
299 2422 361 2497 ejus
375 2421 585 2499 deprecatione.
629 2422 695 2480 Per.

238 2500 416 2563 Communia
460 2504 523 2562 Vos
537 2504 589 2580 qui
602 2504 696 2561 secuti
709 2503 788 2560 estis.

237 2582 478 2644 Posteooemuae'o.

237 2663 324 2722 Beati
337 2667 463 2741 apostoli
475 2665 522 2723 tui
535 2665 557 2724 J
558 2665 650 2738 acobi,
665 2667 749 2742 cujus
762 2665 849 2723 hodie
869 2663 1033 2722 festivitate
1052 2681 1173 2740 corpore
1186 2668 1218 2721 et
1230 2663 1377 2741 sanguine

175 2750 228 2801 tuo
242 2764 295 2802 nos
309 2745 444 2819 refecisti,
459 2766 634 2823 quaesumus,
651 2746 788 2819 Domine,
802 2744 1010 2803 intercessione
1023 2763 1077 2802 nos
1090 2743 1208 2820 adjuva,
1222 2763 1278 2821 pro
1291 2746 1377 2821 cujus

176 2825 373 2884 sollemnitate
387 2828 566 2904 suscepimus
579 2833 632 2884 tua
646 2833 748 2884 sancta
761 2828 904 2885 laetantes.
947 2825 1013 2884 Per,

209 3000 336 3058 Ssucmn
355 3000 465 3075 Auum,
487 3017 598 3059 ninius
620 3017 726 3058 enirn
745 3001 864 3059 Murum
883 3000 1038 3058 mems.
1083 2997 1145 3076 (vii
1162 2998 1232 3058 Kal
1248 2998 1345 3078 Aug.)

237 3114 378 3195 Officium.
421 3116 564 3174 Dilexisti
573 3117 732 3193 justitiam.

240 3196 347 3257 Oratio.

236 3277 327 3349 Deus,
349 3277 402 3354 qui
421 3279 538 3336 beatam
557 3279 688 3351 Annam,
711 3278 762 3336 diu
783 3278 922 3350 sterilem,
942 3277 1025 3355 prole
1048 3277 1172 3335 voluisti
1195 3278 1324 3355 gloriosa
1344 3285 1376 3338 et

175 3359 304 3416 humano
317 3359 418 3436 generi
431 3359 581 3417 salutifera
594 3359 770 3433 foecundari,
791 3361 837 3431 da,
849 3377 1023 3435 quaesumus,
1034 3365 1071 3415 ut
1080 3378 1181 3417 omnes
1191 3379 1292 3418 amore
1304 3360 1376 3419 filie

175 3445 298 3497 matrem
318 3448 490 3497 venerantes
503 3440 536 3497 in
549 3441 622 3507 hora
642 3441 746 3499 mortis
766 3441 921 3517 utriusque
941 3439 1098 3516 praesentia
1117 3439 1247 3518 gaudere
1267 3460 1377 3499 morea-

176 3541 250 3577 mur.
294 3520 352 3578 Per
366 3520 535 3578 Dominum.

236 3601 376 3676 Epistola.
420 3601 586 3659 Mulierem.

240 3681 373 3740 Gredote.
417 3682 565 3742 Dilexisti.

237 3761 385 3839 Alleluya.
434 3763 467 3822 V,
486 3763 587 3840 Specie
601 3771 660 3821 tua.

238 3843 419 3919 &mmm
578 3895 764 3952 Testamento
778 3895 873 3952 veteri

617 3975 710 4031 Anna
722 3975 781 4032 fuit
794 3976 902 4051 genita,

618 4056 659 4112 Et
673 4056 708 4112 tle
721 4056 812 4132 stirpe
826 4057 913 4133 regia.

578 4136 653 4194 Haec
666 4141 801 4194 matrona
814 4138 922 4195 nobilis

618 4217 680 4274 Diu
693 4217 752 4274 fuit
765 4219 873 4276 sterilis

618 4298 657 4355 In
671 4318 777 4375 magna
789 4299 921 4358 tristitia.

237 4407 251 4430 ¹
266 4404 318 4454 MS.
332 4402 476 4451 O.-Mundi
493 4405 573 4453 astato,
587 4401 612 4447 in
634 4402 749 4449 Cmnmuei
766 4401 917 4460 plurimorum
936 4403 1102 4466 confictorum
1121 4405 1158 4453 ool
1173 4406 1294 4455 meusim
1310 4419 1373 4453 m

181 4463 250 4512 ttoni
258 4462 405 4512 Eborecemis
415 4462 497 4511 dicitur
506 4462 550 4510 isto
561 4461 717 4508 Testamento
727 4462 810 4508 veteri.
