2910 4904
517 307 613 372 Festo
633 305 840 393 Septembris.

140 472 283 549 Epistol.
327 473 429 531 Sancti
442 492 494 549 per
507 473 602 530 fidem.

142 553 277 612 Orodole.
320 554 459 627 Vindice,
476 554 611 613 Domine.

139 634 290 710 Alleluya.
340 635 369 693 V.
392 634 434 692 Te
446 641 619 711 martyrum.

137 714 302 790 Sequentia.
346 716 421 774 Ecce
434 716 565 792 pulchra,
580 725 615 773 at
628 715 662 773 ia
676 713 838 775 Communi.

138 796 341 871 anspelc‘um.
384 796 571 854 Descendens
584 796 606 855 J
607 816 672 854 esus
685 796 722 855 de
734 803 844 856 monte.

140 876 334 951 Offestorium.
377 877 525 935 Mirabilis
539 878 629 936 Deus.

138 957 261 1016 Secreto.

139 1038 274 1115 Respice,
299 1038 436 1111 Domine,
462 1059 591 1111 munera,
620 1059 686 1115 quae
709 1040 742 1096 in
763 1040 897 1116 passione
920 1046 1088 1099 sanctorum
1111 1046 1277 1115 martyrum

82 1126 200 1177 tuorum
218 1119 366 1192 Mauricii,
382 1120 551 1197 Exsuperii,
567 1120 701 1192 candidi,
716 1121 858 1193 Victoris,
873 1123 1041 1179 Innocentii
1061 1127 1092 1179 et
1112 1121 1224 1178 Vitalis
1244 1141 1278 1178 ac

82 1201 225 1259 sociorum
245 1202 405 1259 eorundem
426 1201 701 1258 commemoratione
721 1202 878 1259 deferimus
887 1222 896 1274 3
921 1210 951 1259 et
967 1209 1083 1278 praesta,
1098 1209 1133 1260 ut
1150 1221 1277 1278 quorum

82 1282 189 1339 honore
216 1287 287 1339 sunt
313 1288 406 1359 grata,
436 1302 537 1339 eorum
564 1283 649 1340 nobis
676 1282 750 1340 fiant
778 1283 986 1341 intercessione
1013 1289 1162 1360 perpetua.
1219 1283 1277 1340 Per

82 1362 250 1420 Dominum.

138 1442 321 1501 Communia
364 1443 540 1501 Posuerunt.

136 1524 380 1583 Postcommuaio.

138 1603 312 1662 Gaeleatibus
338 1605 442 1663 refecti
469 1605 658 1663 sacramentis
686 1612 716 1663 et
742 1605 857 1682 gaudiis
891 1605 1035 1682 supplices
1068 1611 1098 1664 te
1128 1626 1273 1682 rogamus,

82 1686 263 1762 omnipotens
283 1687 373 1760 Deus,
389 1693 425 1744 ut
443 1707 569 1763 quorum
582 1686 744 1763 gloriamur
756 1686 924 1763 triumphis,
943 1693 1132 1764 protegamur
1145 1687 1273 1745 auxiliis.

82 1767 135 1826 Per
148 1767 320 1825 Dominum.

192 1947 319 2006 Sanora
339 1947 458 2019 Tucca,
479 1965 616 2007 vrnsnus
635 1965 699 2006 ror
719 1963 881 2006 murram.
925 1948 978 2027 (ix.
996 1948 1065 2006 Kal.
1083 1948 1162 2027 Oct.)

136 2075 277 2152 Officium.
320 2075 470 2133 Dilexisti.

135 2158 247 2216 Oratio.
290 2157 485 2233 Omnipotens
499 2158 675 2233 sempiterne
689 2157 780 2215 Deus.

133 2238 277 2314 &istola
320 2238 368 2295 De
380 2238 553 2315 virginibus.

136 2319 272 2378 Orodole.
314 2320 432 2376 Diffusa
445 2325 497 2377 est.

134 2400 285 2476 Alleluya.
333 2401 362 2458 V.
385 2401 531 2457 AEmulor.

132 2481 335 2556 Evcoqeliom.
379 2481 481 2539 Simile
495 2486 539 2539 est
552 2499 676 2558 regnum
690 2481 828 2538 caelorum
841 2483 942 2540 decem
955 2482 1128 2559 virginibus.

135 2560 330 2636 Offertosium.
373 2562 550 2634 Offerentur‚
566 2563 672 2621 miuus.
704 2569 706 2573 ’

133 2641 317 2702 Communia.
361 2644 500 2718 Quinque
513 2644 680 2720 prudentes

193 2843 306 2902 Saron
327 2843 465 2917 Frruuu,
488 2860 622 2903 srrscorr
642 2861 680 2902 nr
700 2862 860 2904 usuarius.
905 2847 966 2923 (vii.
983 2847 1053 2906 Kal.
1070 2846 1149 2925 Oct.)

134 2973 273 3048 Officium
317 2975 339 3032 J
339 2981 424 3034 ustus
437 2982 473 3032 ut
485 2976 590 3052 palma

133 3054 242 3113 Oratio.
287 3055 407 3128 Praesta,
423 3077 596 3134 quaesumus.

131 3135 272 3211 Epistola
318 3136 422 3194 Omnis
435 3138 578 3214 pontifex,
593 3147 628 3196 at
641 3139 675 3197 ia
690 3138 848 3198 Oommuai
860 3142 952 3199 auius
966 3141 1140 3217 confessoris.

133 3215 268 3277 Gratata
312 3217 451 3276 Posuisti.

130 3297 281 3374 Alleluya.
331 3298 359 3356 V.
382 3299 493 3357 Beatus
506 3301 560 3358 vir.

132 3377 333 3454 Eoonqclc'um.
379 3380 437 3449 Qui
451 3400 503 3438 vos
516 3381 609 3452 audit,
623 3392 657 3440 ut
670 3383 704 3440 ia
719 3381 877 3442 Oommuai
889 3385 982 3442 auius
995 3385 1171 3460 ooafhssort's.

133 3457 326 3532 offertorium.
370 3461 471 3518 Gloria
485 3463 646 3522 ethonore.

134 3539 314 3600 Ommuaio.
358 3541 470 3620 Magna
483 3549 534 3602 est.

148 3723 337 3782 Smcronuu
357 3741 529 3784 naamon
550 3725 700 3784 Orrumur
720 3742 759 3784 ur
778 3728 800 3785 J
802 3743 922 3787 usrmrn
967 3729 1017 3808 (vi.
1035 3729 1105 3787 Kal.
1122 3729 1201 3809 Oct.)

133 3855 271 3930 Officium.
316 3856 401 3915 Salus
415 3862 522 3916 autem.

135 3937 240 3996 Oratio.
286 3939 378 4010 Deus,
393 3938 519 4014 quinos.

133 4017 271 4094 Epistola.
315 4019 399 4076 Justi
412 4020 443 4075 in
457 4025 639 4096 perpetuum.

133 4098 264 4159 Gaudete.
307 4099 513 4158 Exsultabunt
526 4102 628 4159 sancti.

133 4181 275 4258 Alleluya.
326 4181 355 4239 V.
378 4181 534 4241 Mirabilis.

132 4259 332 4339 Evonqeliam.
376 4262 563 4320 Descendens
576 4263 598 4322 J
599 4283 664 4322 esus
677 4263 714 4323 de
727 4271 835 4323 monte.

134 4340 320 4416 offertorium.
364 4343 529 4403 Laetamini

135 4421 310 4486 Cosmum'o.
354 4424 589 4486 Animanostra.
