2910 4904
468 294 563 360 Festo
583 245 789 378 Septembris.

154 461 235 519 Odas
245 467 335 537 atque
348 461 444 518 solvat
457 461 557 518 concio
570 461 628 517 tibi
641 466 750 530 nostra,

154 542 230 600 0111]
241 544 305 618 jam
318 548 499 599 renovantur
512 541 666 599 Michaelis
679 542 791 616 inclyta
805 540 889 598 valde
902 541 984 614 festa,

154 623 214 683 Per
227 643 315 699 quem
328 623 496 679 laetabunda
509 628 684 698 perornatur
697 622 832 679 machina
846 623 951 678 mundi
964 628 1034 680 tota.

154 704 267 764 Novies
280 704 419 761 distincta
432 710 626 779 pneumatum
639 709 709 760 sunt
722 703 840 779 agmina
855 722 908 777 per
921 709 951 759 te
965 704 1051 773 facta,

147 777 214 842 ‘Sed
228 805 295 841 cum
308 784 353 840 vis
367 784 438 842 facis
451 785 512 841 haec
525 785 660 840 flammea
673 803 725 858 per
738 783 883 858 angelicas
897 783 1033 841 officinas.

154 867 240 923 Inter
254 866 393 941 primaeva
406 871 476 921 sunt
490 865 551 921 haec
564 863 650 920 naml
663 869 760 920 creata
773 871 843 920 tua:
864 883 932 920 oum
949 865 1040 921 simus
1054 884 1107 922 nos
1120 864 1228 922 ultima

234 947 357 1015 factura,
373 946 423 1003 sed
436 947 533 1022 imago
547 955 608 1002 tua,
1232 1002 1234 1008 ,

154 1026 302 1102 Theologa
313 1027 508 1102 categorizant
521 1024 653 1102 symbola
662 1025 748 1082 nobis
757 1026 819 1083 haec
829 1030 875 1082 ter
885 1026 1036 1102 tripertita
1048 1045 1101 1102 per
1111 1028 1229 1102 privata

236 1108 330 1165 officia
342 1127 350 1178 3

154 1189 243 1246 Plebs
261 1188 399 1264 angelica,
410 1187 541 1263 phalanx
551 1194 581 1245 et
594 1187 802 1262 archangelica,
813 1186 981 1264 principans
995 1193 1104 1260 turma,
1120 1189 1227 1246 virtus-

235 1289 292 1344 que
305 1269 434 1340 uranica,
450 1289 484 1326 ac
497 1273 626 1344 potestas
639 1267 817 1343 almiphona,

153 1349 349 1407 Dominantia
362 1350 492 1419 numina,
508 1349 665 1424 divinaque
679 1348 824 1421 subsellia,

155 1430 308 1488 Cherubin
321 1430 456 1499 aetherea,
471 1436 501 1486 et
516 1429 660 1505 Seraphin
673 1428 826 1504 ignicoma.
1037 1500 1039 1503 Ι

153 1511 227 1582 Vos,
246 1510 271 1567 Ο
286 1510 414 1568 Michael
429 1511 492 1567 caeli
505 1517 629 1586 satrapa,
643 1509 820 1587 Gabriel-que
830 1529 900 1566 vera
913 1511 986 1567 dans
1000 1511 1096 1568 Verbi
1109 1513 1226 1585 nuntia,

152 1592 258 1667 Atque
276 1591 410 1667 Raphael
423 1592 492 1648 vitae
506 1592 637 1664 vernula,
652 1590 810 1647 transferte
823 1610 876 1647 nos
890 1591 969 1647 inter
980 1592 1192 1651 Paradisicolas
1207 1615 1213 1651 :

153 1672 213 1730 Per
223 1691 275 1729 vos
289 1672 387 1729 Patris
401 1678 507 1730 cuncta
517 1672 701 1747 complentur
714 1671 861 1743 mandata,
877 1691 942 1746 quae
957 1673 1008 1729 dat

154 1752 297 1829 Ejusdem
311 1752 429 1828 Sophia,
443 1771 561 1828 compar
574 1772 689 1829 quoque
700 1752 842 1822 Pneuma,
851 1771 911 1808 una
919 1773 1093 1827 permanens
1106 1755 1139 1810 in
1147 1755 1226 1813 usia:

153 1833 213 1892 Oui
226 1835 296 1891 estis
308 1834 546 1890 administrantia
560 1833 632 1904 Deo,
647 1833 741 1889 millia
754 1833 882 1889 millium
896 1853 976 1890 sacra

153 1915 245 1972 Vices
255 1935 308 1991 per
322 1914 366 1972 bis
380 1916 502 1991 quinas:
522 1915 568 1970 bis
582 1921 671 1990 atque
685 1914 832 1989 quingena
845 1914 920 1970 dena

149 1995 284 2053 Centena
297 1996 418 2053 millena
431 1996 573 2052 assistunt
586 1995 619 2051 in
632 1994 706 2066 aula,
719 1995 757 2051 ad
771 2014 859 2070 quam
873 2014 926 2051 rex
937 2014 1022 2051 ovem
1036 1997 1226 2054 centesimam

151 2077 354 2153 Verbigenam
368 2077 576 2152 dragmamque
589 2076 732 2133 decimam
747 2081 845 2132 vestra
859 2075 947 2132 duxit
960 2095 1048 2151 supra
1062 2078 1216 2154 agalmata.
1286 2110 1290 2117 ·

152 2157 217 2214 Vos
231 2178 284 2234 per
297 2158 413 2230 aethera,
429 2177 482 2214 nos
496 2177 548 2233 per
560 2177 638 2228 rura,
653 2157 729 2214 dena

152 2239 228 2296 Pars
242 2238 342 2309 electa,
357 2238 517 2295 harmoniae
531 2243 601 2294 vota
614 2238 717 2295 damus
730 2237 916 2313 hyperlyrica
929 2237 1058 2296 cithara:

154 2319 221 2388 Quo
235 2326 303 2396 post
317 2320 394 2376 bella
408 2319 562 2376 Michaelis
576 2319 700 2395 inclyta¹

153 2400 220 2457 Deo
234 2406 335 2457 nostra
348 2402 408 2456 sint
422 2406 540 2475 accepta
553 2419 672 2457 auream
685 2399 761 2457 circa
775 2419 856 2456 aram
870 2399 1081 2475 thymiamata:

154 2480 221 2549 Quo
234 2481 267 2537 in
281 2501 377 2538 coaeva
387 2482 450 2556 jam
463 2481 556 2556 gloria

154 2561 406 2619 Condecantemus
419 2561 568 2636 Alleluya.

91 2715 262 2775 Secundam
283 2718 456 2775 Mattboeam
470 2717 566 2794 (xciii.
586 2717 680 2793 l-lO).

91 2810 133 2867 In
159 2811 213 2866 illo
239 2816 378 2886 tempore,
402 2811 598 2868 Accesserant
620 2809 756 2884 discipuli
783 2809 821 2866 ad
847 2809 951 2866 Jesum
975 2809 1124 2868 dicentes:
1154 2811 1227 2880 Quis

42 2898 120 2967 antas
133 2892 230 2967 major
244 2897 390 2966 estusque
404 2893 444 2948 od
458 2891 555 2967 quiin
570 2891 648 2948 caelis
662 2896 714 2947 est.

92 2979 198 3037 Credo,

93 3076 290 3151 offertorium.

93 3170 186 3228 Stetit
208 3171 329 3245 angelus
352 3171 441 3246 juxta
465 3191 546 3228 aram
567 3170 671 3246 templi
698 3170 808 3227 hahens
835 3170 1022 3228 thuribulum
1049 3191 1171 3230 aureum
1195 3173 1228 3230 in

42 3269 122 3309 manu
135 3271 208 3309 sua:
230 3257 261 3308 et
275 3252 344 3308 data
357 3258 427 3308 sunt
445 3252 472 3309 ei
492 3252 610 3309 incensa
629 3252 733 3324 multa,
749 3257 779 3308 11
799 3252 930 3309 ascendit
950 3252 1048 3309 fumus
1062 3260 1228 3311 aromatum

42 3331 65 3388 iu
79 3338 238 3410 conspectu
253 3333 318 3403 Dei,
334 3332 468 3408 alleluya.

93 3429 218 3568 {abitalia
240 3509 306 3581 tibi,
331 3509 467 3581 Domine,
493 3509 590 3567 laudis
612 3509 761 3567 offerimus
784 3510 954 3585 suppliciter
975 3511 1172 3586 deprecantes,
1193 3485 1228 3567 ut

43 3591 154 3663 eudem,
167 3590 300 3666 angelico
314 3610 367 3666 pro
380 3591 465 3647 nobis
478 3591 694 3648 interveniente
707 3591 854 3666 suffragio,
867 3597 896 3647 et
907 3590 1039 3666 placatus
1053 3591 1186 3669 accipias,
1198 3598 1229 3648 et

47 3670 209 3728 adsalutem
222 3678 355 3728 nostram
368 3672 523 3747 provenire
538 3673 685 3729 concedas.
729 3672 788 3729 Per
801 3671 972 3729 Dominum.

99 3763 278 3828 decremento.

77 3854 80 3860 ‘
98 3847 265 3906 Benedicite
279 3868 380 3907 omnes
393 3849 491 3928 angeli
504 3850 636 3922 Domini,
652 3850 781 3908 Domino
795 3871 801 3908 :
816 3850 960 3926 hymnum
975 3849 1074 3923 dicite,
1090 3856 1120 3908 et
1131 3871 1228 3928 super-

53 3928 164 3987 exaltate
177 3950 245 3987 eum
258 3931 292 3988 in
302 3930 414 3988 saecula.

102 4027 337 4087 Postcommanio.

103 4119 183 4179 Beati
208 4121 378 4197 archangeli
404 4122 451 4179 tui
474 4122 628 4179 Michaelis
655 4121 862 4180 intercessione
890 4123 1006 4181 suffulti
1030 4123 1175 4199 supplices
1188 4129 1226 4193 te,

62 4193 171 4276 Domine,
200 4203 398 4280 deprecamur,
427 4210 462 4260 ut
489 4223 562 4280 quos
589 4203 699 4278 honore
726 4203 942 4280 prosequimur,
968 4205 1171 4280 contingamus
1198 4211 1228 4260 et

65 4287 144 4342 uerte.
185 4284 249 4344 Per.

477 4413 490 4437 '²
506 4412 565 4458 Edd.
577 4411 624 4457 and
635 4411 793 4474 MSS—jani.
