2910 4904
128 288 189 350 296
668 283 786 351 Prona.

124 451 156 507 Is
170 470 223 509 nos
236 451 353 528 antiqui
366 471 384 509 a
397 451 542 528 serpentis
556 451 661 509 liberet
675 451 825 509 dementia
836 470 845 524 ;

124 533 196 590 Esse
210 533 262 608 qui
276 538 382 590 cuncta
396 532 489 608 gloria
501 539 532 589 et
545 532 725 610 sophismata
738 532 899 609 perfecerat
911 552 1018 612 magna

125 613 257 688 Agmina
270 633 385 689 semper
398 614 503 671 caelica.

128 694 225 763 Quam
238 695 324 752 beata
338 701 507 752 sanctorum
520 700 591 751 sunt
604 694 729 770 agmina.

128 774 235 850 Capiat
248 775 331 851 plebs
345 782 447 832 nostra
459 774 508 832 hic
521 781 551 831 et
565 775 598 831 in
611 774 689 833 caelis
702 775 834 851 gloriam,

128 856 169 912 Et
183 875 237 913 nos
251 856 337 912 modo
350 875 410 913 una
424 856 527 913 dantes
541 875 650 932 organa
663 875 829 913 consonora

128 936 155 993 Ο
169 936 245 993 mira
258 937 336 994 dona
349 943 380 994 et
388 937 474 993 nobis
487 938 618 1012 gratuita
631 936 714 994 dedit
726 937 876 1010 remedia;

128 1016 239 1073 Filium
253 1018 374 1074 unicum
388 1018 470 1074 misit
482 1018 516 1073 in
528 1024 614 1074 terra.

130 1097 227 1166 Quam
240 1099 368 1174 petimus
382 1098 526 1174 supplices
586 1149 588 1153 Α

128 1178 306 1236 Trinitatem
319 1185 461 1251 sanctam,
476 1198 534 1255 quo
544 1180 674 1255 praebeat
687 1180 772 1236 nobis
785 1179 818 1236 in
831 1178 925 1255 gloria
937 1186 1047 1237 aeterna
1059 1179 1181 1252 omnia,

130 1258 338 1317 Custodiamus
352 1260 514 1330 caritatem,
529 1265 680 1317 teneamus
694 1260 861 1317 castitatem
875 1262 990 1318 bonam.

128 1339 290 1416 Fidemque
303 1340 522 1399 immaculatam
536 1340 692 1398 reddamus
705 1341 825 1398 salvam.

620 1718 625 1731 Ι
658 1632 800 1691 XXXV.

399 1781 495 1839 Proso
507 1798 549 1838 nn
563 1798 698 1839 onnrncs
713 1782 841 1838 Sancrrs
856 1782 896 1838 ad
910 1782 1051 1839 Pretiosa

191 1887 340 1962 Alleluya.

129 1989 230 2044 Annia
243 2002 392 2042 canonum
406 2001 518 2042 nunna
532 1990 708 2061 concrepent
722 1984 855 2060 alleluya.

129 2071 168 2124 ln
182 2068 229 2124 dic
242 2069 297 2131 hac
310 2074 502 2138 sacrosancta,
517 2066 626 2123 sanctis
640 2065 777 2122 omnibus
790 2065 943 2141 splendida
954 2086 962 2137 ;

132 2147 204 2218 Quae
218 2148 302 2204 nobis
316 2155 400 2203 extat
413 2167 520 2218 annua,
536 2147 586 2203 sed
600 2147 646 2203 his
660 2152 705 2203 est
718 2146 864 2203 continua

129 2230 215 2287 Celsa
227 2227 398 2304 angelorum
412 2228 530 2302 agmina
543 2227 630 2284 laude
640 2227 770 2302 jocunda
784 2227 902 2284 Christo
916 2225 1061 2285 resultent
1074 2246 1207 2303 organa:

133 2310 345 2384 Mundanaque
359 2308 560 2365 modulamina

132 2393 153 2448 J
154 2411 202 2448 am
216 2409 295 2446 nunc
309 2390 449 2446 intonant
461 2389 606 2465 praeconia
620 2408 687 2446 cum
701 2389 814 2445 laetitia.

133 2473 205 2541 Quae
233 2491 321 2547 supra
351 2470 446 2527 sidera
475 2470 606 2547 pulchra,
634 2469 780 2545 profunda
807 2489 872 2545 quae
900 2474 980 2539 sunt,
1012 2469 1183 2528 omnimoda
1210 2469 1321 2529 landum

213 2571 328 2628 genera,

136 2632 325 2690 Proclamant
337 2651 408 2688 voce
422 2651 526 2688 sonora

132 2714 284 2772 Christum
298 2713 459 2770 Dominum
473 2712 626 2769 laudantia
639 2731 692 2787 per
704 2711 811 2769 saecula
825 2712 936 2769 omnia:
1024 2748 1028 2755 ·

134 2795 194 2864 Qui
206 2800 376 2851 sanctorum
389 2793 482 2868 gloria
495 2800 539 2850 est
553 2799 583 2849 et
597 2792 729 2864 victoria,
745 2793 809 2849 laus
822 2801 852 2850 et
865 2812 979 2863 corona,
995 2792 1050 2849 lux
1062 2799 1153 2869 atque
1166 2792 1290 2853 laetitia:

134 2875 282 2932 Praestans
291 2875 350 2931 illis
363 2875 436 2931 talia
449 2894 537 2930 aurea
550 2873 669 2949 praemia
683 2893 748 2949 quae
762 2893 822 2929 vox
835 2873 965 2930 humana
974 2892 1034 2930 non
1047 2874 1177 2950 explicat
1191 2875 1296 2953 aliqua

135 2956 261 3014 Ostella
281 2956 370 3011 maris
390 2954 508 3030 inclyta,
525 2954 812 3025 Odomina‚1nundi
829 2955 940 3030 regina,
956 2955 1089 3012 oratione
1106 2954 1156 3031 pia
1176 2961 1213 3013 tu
1232 2962 1327 3015 nostr!

215 3037 302 3093 ablue
314 3036 452 3106 facinora,

134 3118 272 3174 Donante
287 3117 344 3173 Dei
358 3117 471 3193 gratia:
528 3156 532 3165 .

135 3199 227 3273 Cujus
241 3217 322 3254 sacra
335 3197 461 3254 rutilant
475 3198 560 3268 (lona,
576 3196 659 3272 queis
669 3202 785 3253 aeternae
796 3195 867 3253 vitae
875 3196 1081 3272 consequimur
1092 3216 1203 3275 magna
1215 3196 1331 3276 pramis

136 3280 195 3334 Per
208 3279 346 3354 suffragia
358 3284 419 3348 tua,
434 3279 520 3334 beata
534 3278 617 3354 virgo
631 3296 783 3352 puerpera,

136 3360 230 3416 Porta
243 3378 339 3429 aurea,
355 3378 485 3435 purpura
499 3359 576 3433 regis
589 3363 678 3433 atque
692 3357 871 3433 dignissima.

136 3440 208 3497 Vox
221 3438 352 3515 angelica
365 3460 454 3515 quam
468 3440 553 3509 clara,
569 3459 633 3515 quae
649 3438 713 3496 Deo
727 3458 841 3515 semper
854 3437 983 3496 concinit
996 3437 1132 3513 alleluya,

137 3520 285 3596 Terraque
298 3526 362 3577 sata
375 3521 510 3578 humana.

138 3601 235 3670 Quam
248 3602 335 3658 beata
348 3607 516 3665 sanctorum
530 3608 600 3657 sunt
614 3599 751 3675 agmina:

138 3683 211 3752 Quae
224 3681 418 3758 patriarchica
431 3682 492 3738 lust
480 3688 538 3738 trat
552 3680 634 3758 plebs
648 3687 737 3756 atque
751 3679 931 3756 prophetica,

137 3763 208 3820 Lux
221 3763 388 3838 apostolica,
403 3781 481 3819 mors
495 3781 528 3818 ac
542 3782 606 3818 mar
608 3769 704 3837 tyrum
720 3762 855 3836 pretiosa.

138 3844 164 3902 0
185 3844 342 3920 praesulum
362 3843 521 3920 perspicua,
543 3842 740 3899 confessorum
759 3842 896 3919 praecelsa
916 3846 1005 3919 atque
1024 3842 1158 3921 virginea
1177 3843 1336 3927 omnisque

219 3931 301 3982 sanct
303 3945 321 3982 a
334 3924 469 4061 agmina:

138 4005 235 4075 Quam
248 4005 371 4081 pulchra
384 4011 454 4062 sunt
468 4010 498 4061 et
512 4024 601 4080 quam
614 4004 702 4060 laeta·
694 4049 703 4076 ,

136 4086 233 4142 Trinit
221 4092 312 4143 tatem
326 4093 457 4143 sanctam
470 4085 620 4142 cernentia
633 4105 685 4161 per
695 4090 801 4142 cuncta
813 4085 846 4141 in
859 4083 953 4161 gloria
965 4090 1076 4143 aetema
1088 4084 1204 4145 secula

140 4167 212 4236 Quae
226 4187 279 4224 sua
292 4166 478 4224 miseratione
491 4186 545 4223 nos
558 4165 661 4222 abluat
674 4167 712 4222 ab
725 4166 806 4223 omni
820 4166 952 4238 macula;

137 4246 179 4303 Et
192 4267 245 4304 sua
260 4248 369 4323 pietate
382 4248 443 4305 sola
456 4247 565 4304 sanctis
574 4247 683 4322 jungat
696 4247 728 4302 in
741 4246 794 4304 illa
806 4247 911 4323 patria,

136 4328 174 4387 ln
190 4348 247 4403 qna
261 4329 324 4386 sine
338 4329 395 4386 fine
409 4335 512 4405 regnat
526 4347 585 4404 pax
598 4328 784 4404 sempiterna.
