2866 4906
508 288 616 354 Misso
634 311 699 374 pro
721 289 978 358 Poeniteutibas.

262 503 353 562 From
366 503 432 564 MS.
449 504 600 583 Brem'ory.
648 506 725 565 York
743 507 870 566 Miaster
887 508 1016 583 Libram
1029 507 1104 586 (soi.
1121 529 1145 568 o.
1163 510 1211 586 9).

520 639 621 697 Mrssa
642 656 699 697 eno
720 639 965 701 Pmumaurmns.

210 717 317 774 Oratio.

205 796 331 867 Exaudi,
345 817 522 874 quaesumus,
544 800 682 872 Domine,
705 802 872 878 supplicum
885 823 994 880 preces,
1016 811 1046 862 et
1067 805 1274 864 confitentium
1291 805 1352 863 tibi

142 879 368 1016 parcereccatis
375 899 384 950 ;
399 885 434 937 ut
447 880 559 956 pariter
571 882 657 939 nobis
671 883 888 960 indulgentiam
902 884 1018 944 tribuas
1031 887 1177 963 benignus
1190 893 1222 944 et
1235 906 1348 963 paoem.

172 979 205 1016 er
249 979 391 1018 ominum.

205 1039 324 1098 Secreto.

206 1121 331 1179 Hostias
344 1122 407 1195 tibi,
422 1122 559 1194 Domine,
570 1123 745 1200 placationis
759 1126 925 1200 offerimus3
940 1128 1134 1199 obsecrantes,
1148 1135 1228 1186 utet
1242 1129 1354 1187 delicta

145 1207 247 1259 nostra
260 1203 416 1260 miseratus
430 1204 573 1279 absolvas,
588 1213 618 1262 et
632 1207 772 1263 nutantia
785 1208 873 1265 corda
886 1215 919 1265 tu
935 1209 1053 1287 dirigas.
1096 1209 1155 1267 Per
1175 1210 1351 1268 Dominum.

206 1283 448 1343 Poatcommuaio.

206 1363 319 1421 Praesta
339 1367 433 1438 nobis,
453 1372 561 1424 aeterne
583 1367 728 1440 Salvator,
747 1375 783 1425 ut
807 1370 1002 1448 percipientes
1019 1372 1074 1429 hoc
1092 1392 1214 1430 munere
1232 1372 1354 1429 veniam

146 1450 342 1520 peccatorum,
357 1446 492 1524 deinceps
505 1456 625 1524 peccata
638 1451 774 1507 vitemus.
819 1451 883 1509 Per.

591 1662 681 1721 From
695 1664 740 1722 tlte
753 1684 831 1722 some
845 1664 912 1723 MS.

472 1782 598 1840 Conana
618 1799 744 1840 romeus
766 1800 849 1840 uana
870 1783 1024 1841 Aemines.

211 1863 321 1921 Oratio.

210 1944 347 2002 Ecclesiae
361 1949 430 2015 tuae,
445 1944 583 2015 Domine,
595 1963 694 2019 preces
707 1944 841 2021 placatus
854 1944 988 2015 admitte,
1004 1951 1040 2002 ut
1053 1945 1211 2003 destructis
1224 1945 1356 2003 adversi-

148 2025 262 2082 tatibus
275 2032 306 2083 et
320 2026 467 2082 erroribus
481 2025 627 2082 universis
640 2045 742 2082 secura
756 2026 813 2082 tibi
826 2026 936 2083 serviat
951 2026 1096 2086 libertate.
1139 2026 1205 2084 Per.

210 2105 330 2164 Secreto.

211 2186 337 2262 Protege
351 2206 414 2259 nos,
429 2206 605 2262 quaesumus,
622 2186 760 2258 Domine,
775 2187 836 2244 tuis
850 2188 999 2264 mysteriis
1013 2188 1183 2260 servientes,
1194 2193 1231 2246 ut
1244 2187 1356 2246 divinis

150 2269 239 2324 rebus
252 2268 386 2343 subjecti,
401 2274 432 2325 et
445 2287 564 2344 corpore
578 2268 635 2324 tibi
648 2268 827 2326 famulemur
840 2277 870 2326 et
885 2277 992 2327 mente.
1036 2270 1101 2327 Per.

211 2349 454 2407 Postcommoaio.

213 2430 398 2501 Quaesumus,
408 2429 537 2488 Domine
548 2430 631 2487 Deus
644 2437 753 2503 noster,
766 2437 801 2487 ut
812 2450 885 2506 quos
895 2431 999 2489 divina
1011 2431 1118 2489 tribuis
1129 2431 1357 2509 participatione

153 2511 287 2588 gaudere,
303 2512 441 2569 humanis
454 2531 492 2569 ne
506 2512 585 2568 sinas
599 2512 749 2587 subjacere
763 2512 908 2587 periculis.

594 2732 686 2790 From
700 2731 744 2790 rte
757 2752 835 2790 sante
848 2729 914 2792 MS.

504 2852 571 2910 Pao
592 2868 749 2910 conrassrs
770 2867 830 2908 s1a1
851 2850 1010 2910 Pnocams.

218 2935 327 2993 Oratio.

217 3017 243 3075 Ο
271 3015 448 3090 sempiterne
476 3015 568 3085 Deus,
590 3014 776 3071 clementiam
805 3018 889 3069 tuam
909 3012 1064 3070 humiliter
1086 3012 1280 3089 imploramus
1303 3033 1360 3090 pro

155 3097 274 3154 famulis
288 3104 319 3153 et
332 3096 498 3152 famulabus
512 3096 572 3152 tuis
586 3095 638 3170 qui
652 3095 736 3151 nobis
750 3092 959 3151 confessisunt
973 3114 1026 3152 sua
1039 3101 1166 3170 peccata,
1179 3101 1215 3151 ut
1227 3093 1360 3171 digneris

156 3178 216 3235 illis
229 3177 382 3253 indulgere
396 3185 427 3234 et
441 3177 535 3233 vitam
548 3183 690 3233 aeternam
703 3176 874 3232 retribuere.
918 3175 984 3233 Per.

216 3259 337 3317 Secreto.

219 3340 403 3408 Quaesumus,
418 3338 603 3413 omnipotens
617 3338 708 3408 Deus,
723 3342 759 3394 ut
773 3337 918 3412 suscipere
932 3336 1060 3413 digneris
1074 3335 1249 3395 sacrificium
1262 3336 1361 3395 laudis

157 3441 211 3498 pro
228 3420 348 3477 famulis
365 3426 396 3476 et
413 3418 581 3476 famulabus
594 3419 655 3476 tuis
669 3419 722 3494 qui
739 3418 824 3476 uobis
842 3418 967 3476 confessi
984 3424 1055 3475 sunt
1069 3423 1195 3495 paeana,
1210 3425 1247 3475 ut
1263 3417 1363 3475 indul-

156 3503 287 3580 gentiam
301 3501 440 3577 consequi
453 3506 628 3558 mereantur.
672 3499 738 3559 Per.

217 3581 459 3640 Poatcomruunio.

220 3665 276 3736 Da,
289 3683 463 3739 quaesumus,
478 3661 705 3720 clementissime
717 3662 816 3734 Pater,
828 3661 1044 3738 indulgentiam
1054 3666 1228 3738 perpetuam
1240 3660 1364 3719 famulis

159 3749 190 3802 et
206 3745 372 3803 famulabus
390 3744 451 3800 tuis
465 3744 517 3821 qui
531 3744 615 3800 nobis
634 3743 752 3819 propria
766 3742 890 3800 confessi
906 3749 977 3800 sunt
991 3748 1119 3820 peccata,
1134 3749 1165 3800 et
1178 3742 1305 3801 concede
1319 3742 1363 3801 eis

158 3827 239 3883 utin
253 3825 406 3903 praeceptis
419 3825 480 3882 tuis
489 3826 604 3901 jugiter
616 3830 812 3901 perseverent.
859 3823 925 3882 Per.

439 4033 530 4091 From
544 4033 588 4091 tlte
597 4031 721 4109 printed
732 4031 884 4107 Breaiory,
899 4051 979 4090 anuo
994 4031 1081 4090 1526.

362 4152 488 4213 Fnsruu
503 4153 717 4209 Vrsrmrroms
738 4166 843 4207 BEATAE
862 4149 988 4222 Maura,
1011 4163 1158 4219 vrnonns,

156 4293 212 4349 per
222 4293 337 4331 sacram
351 4271 579 4330 concoenobitam
593 4270 809 4341 Eborooeuaem,
824 4289 903 4326 auno
916 4268 1041 4326 Domini
1056 4268 1208 4326 millesimo
1222 4267 1367 4343 qainqerv-

161 4355 258 4413 maimo
270 4353 352 4412 tertio
362 4353 634 4423 decimamtertiam
647 4360 687 4408 eat
700 4350 836 4408 celebrari
848 4350 1009 4408 utFeatam
1022 4348 1192 4427 Principale
1206 4348 1243 4406 iv.
1258 4347 1294 4405 N
1291 4368 1367 4408 orm

162 4435 277 4514 Aprilis
297 4436 330 4492 id
352 4443 391 4493 eat
413 4433 496 4491 illius
518 4433 625 4492 mensis
638 4432 684 4490 die
705 4432 749 4504 ii,
771 4431 867 4508 sicque
884 4432 918 4490 ia
941 4430 1125 4490 Kalarvdario
1147 4430 1365 4491 annotandum.
