2910 4904
587 258 708 322 Prosoe.
1180 260 1243 330 287

136 426 252 497 Tecum,
267 426 373 500 inquit,
390 426 427 482 ad
441 425 589 501 propriam
601 425 677 495 volo,
692 431 784 500 pater,
799 425 878 482 hunc
892 444 1026 482 revocare
1036 425 1172 502 patriam.

136 506 226 562 Pater
240 507 277 562 ad
293 507 354 563 haec
369 507 466 578 verba,
477 512 541 563 toto
555 506 640 564 corde
654 512 808 578 commoto,
822 506 921 582 inquit
935 506 1050 579 felicia3

135 587 236 644 Proles
249 588 331 658 mihi,
347 606 412 643 care
421 587 464 642 fili
473 587 522 658 mi,
539 587 564 644 Ο
578 586 600 643 J
600 592 674 658 uste,
689 587 760 663 quid
772 587 900 662 loqueris
912 587 1004 645 talial

136 669 169 724 Si
182 687 246 743 quae
261 668 381 724 adversa
394 669 451 723 tibi
463 669 496 723 in
509 668 558 723 via

136 748 325 823 Contingent,
340 768 392 823 ego
406 768 458 823 pro
473 758 502 804 tc
516 767 621 823 magna
634 748 709 805 flebo
722 748 864 819 tristitia3
1009 795 1011 798 Α

135 829 215 900 Noli,
231 836 315 905 pater
327 830 377 899 mi,
393 829 498 904 inquit,
514 829 645 904 plorare:
659 829 749 885 Pater
762 828 960 905 omnipotens*
975 829 1087 886 christi
1100 845 1146 886 me
1159 829 1244 901 liber-

215 910 278 966 abit
292 911 396 984 gratia.

134 991 214 1046 Freti
229 991 341 1046 virtute
354 990 484 1064 angelica
497 995 624 1065 pergunt
637 990 799 1066 longinqua
809 990 925 1062 itinera,
939 990 1060 1047 fratrem
1075 990 1219 1048 liberant:

134 1071 155 1125 J
158 1077 224 1126 usto
237 1090 327 1146 puero
337 1070 510 1146 praefulgida
525 1077 688 1146 praeparata
700 1076 770 1127 ante
784 1071 890 1127 saecula
902 1071 986 1128 adest
998 1071 1100 1146 gloria.

136 1151 241 1207 'ferrea
255 1171 355 1225 passus
370 1153 508 1220 membra,
523 1151 592 1206 caelo
606 1151 679 1207 dans
692 1151 829 1221 animam,

136 1231 266 1287 Candida
280 1232 443 1288 rubicunda
457 1232 551 1306 fulget
564 1232 596 1287 in
609 1251 746 1307 purpura.

137 1313 244 1368 Omnes
259 1332 318 1368 una
332 1319 362 1369 te
377 1332 447 1368 vcce
460 1312 601 1388 supplica,

136 1392 227 1448 Tuam
241 1393 411 1449 commenda
424 1412 576 1467 precamur
591 1392 708 1449 Christo
721 1391 873 1463 familiam,

136 1473 176 1528 Et
190 1474 221 1529 in
231 1480 341 1529 aeterna
354 1474 399 1529 fac
413 1480 510 1529 tecum
525 1492 586 1529 esse
600 1473 713 1529 laetitia.

135 1553 213 1610 Laus
227 1554 291 1610 Deo
305 1573 411 1629 magna
424 1573 476 1630 pcr
489 1560 595 1610 cuncta
608 1553 722 1610 saecula.

595 1709 692 1766 VIIl.

411 1822 473 1896 (Dn
494 1836 613 1878 saneris
635 1821 888 1897 quoonurrnus.)

233 1944 332 2000 Cnosi
347 1960 436 2001 runai
448 1959 651 2013 concausam,
666 1952 700 2000 at
713 1963 805 2018 sapm
820 1941 888 2020 (vol.
904 1943 923 2000 i„
938 1962 968 2018 p.
984 1942 1043 2022 24).

617 2098 675 2155 IX.

124 2291 125 2295 Ἰ
460 2212 522 2287 (Du
544 2213 662 2271 Ssucro
683 2211 831 2290 Sarsina).

154 2323 263 2379 Saron
278 2322 417 2380 Semirus
431 2303 521 2420 an'sm
534 2321 619 2406 nobis
633 2321 737 2397 gratia,
752 2329 891 2396 utsupra
905 2321 973 2398 (vol.
990 2320 1009 2378 i.
1021 2341 1049 2397 p.
1067 2322 1145 2399 153).

626 2485 667 2542 X.

451 2605 503 2683 (111
523 2622 576 2662 nm
597 2606 627 2664 S.
650 2606 832 2683 Swrrnuur.)

133 2729 279 2786 Grunnus
294 2727 421 2785 Onn1sr1
436 2744 611 2785 sensurum
620 2729 758 2803 jocunda,
822 2749 824 2753 ·

132 2810 332 2867 anlicolarum
346 2809 447 2865 cohors
460 2809 628 2865 laetabunda
640 2809 746 2886 gaudia
758 2809 846 2885 hujus
860 2810 921 2868 diei
931 2813 1077 2887 precelsa,

131 2891 231 2947 Iaude
244 2890 320 2947 celsa
333 2889 512 2946 sollemniter
526 2889 674 2945 Swithuni
686 2890 789 2948 inclita
802 2896 833 2947 et
845 2893 1036 2967 praeconizet†
1048 2895 1161 2954 merita

132 2972 218 3029 Orbis
232 2978 262 3027 et
276 2970 455 3046 quadrifidus
469 2970 627 3026 multisona
640 2970 726 3027 laude
738 2973 911 3048 respondeat

130 3052 210 3110 Mira
224 3052 395 3128 depromens
407 3057 489 3126 gesta
502 3050 659 3127 insigniter
671 3051 705 3106 in
717 3071 748 3108 se
761 3053 969 3126 demonstrata,

129 3133 186 3189 Per
199 3132 334 3189 Paradisi
346 3130 452 3204 rutiliss
466 3131 706 3207 pretiosissimam
718 3133 913 3191 hierarchiam

130 3214 250 3270 Patrem
265 3212 453 3270 Swithunum
466 3218 637 3269 vernantem
651 3214 823 3270 meritorum
837 3215 914 3272 clara
923 3234 1050 3289 corona3

131 3294 190 3362 Qui
202 3299 319 3368 gentem
333 3299 414 3349 ortus
428 3292 474 3349 sui
487 3293 562 3349 sacri
574 3293 700 3363 decorat,

130 3373 288 3430 Virtutum
300 3374 394 3430 nobili
407 3380 513 3430 ornatu
527 3374 653 3446 decorat,

129 3455 309 3529 Malagmate
322 3454 444 3510 oaelifluo
457 3454 505 3529 pie
519 3473 625 3510 sanans
638 3455 755 3530 agmina

128 3535 266 3591 Invalida
279 3534 370 3610 plebis
383 3541 473 3609 atque
482 3539 553 3590 vota
564 3536 627 3591 Deo
641 3541 828 3610 praesentans,

127 3616 305 3672 Veneranda
318 3616 409 3690 ipsius
423 3615 536 3672 caelitus
549 3615 586 3670 ad
599 3615 722 3691 pignora
734 3635 787 3691 per
799 3616 895 3692 spatia
908 3618 1083 3677 creberrima
1108 3672 1110 3680 ,

128 3696 229 3771 Hujus
242 3696 320 3752 saecli
334 3702 466 3752 extrema
478 3701 611 3770 tempora
624 3695 684 3752 fere
696 3701 781 3752 tanta
793 3696 909 3773 replens
921 3699 1065 3758 miranter
1076 3701 1177 3778 gloria,

127 3777 246 3845 Quanta
269 3778 323 3833 sub
347 3777 411 3852 ipsa
427 3782 561 3852 tempora
576 3775 735 3852 apostolica
747 3777 811 3851 jam
828 3778 950 3837 fulserat
968 3800 1092 3859 cumque
1116 3783 1237 3859 pelleret

206 3857 311 3914 umbra
324 3857 440 3914 debilia.

125 3937 202 3994 Haec
225 3943 271 3994 est
297 3937 432 3994 columna
456 3935 594 4012 praeclara
621 3936 733 3994 Christi
754 3938 850 4015 gratia
874 3959 1026 4000 coruscans
1047 3963 1099 4020 per
1117 3944 1236 4005 climata
1297 3938 1301 3951 ¹

206 4017 361 4074 laudanter
374 4018 478 4074 mundi
490 4017 637 4077 universa.
1012 4078 1014 4081 ,

46 4167 49 4173 Α
125 4099 201 4155 Haec
215 4105 259 4154 est
272 4117 387 4172 gemma
399 4097 529 4173 angelica
539 4098 639 4155 lucens
651 4098 713 4174 poli
725 4117 778 4175 per
792 4098 948 4177 Capitolia,

126 4179 199 4247 Quae
213 4179 343 4234 illustret
357 4178 443 4235 corda
456 4184 557 4235 nostra
570 4185 660 4255 atque
673 4179 711 4236 ad
724 4186 834 4239 aeterna

126 4259 221 4317 chet
233 4279 331 4335 regna.

205 4388 218 4412 ¹
234 4385 377 4435 Ms-orna
496 4385 510 4445 †
525 4384 752 4446 sis-proconiso
871 4389 1070 4449 tilla-rutilis.
