2910 4904
199 299 262 360 214
459 294 528 358 ra
550 292 606 358 aare
626 266 844 360 vastarunt
866 293 965 360 seara
985 291 1119 361 nam.

199 469 310 521 mutuae
337 459 543 520 consolationis
569 461 666 538 gratia
683 462 801 519 beatam
822 461 1113 521 Elisabethvisitare
1132 460 1252 539 fecisti3
1278 464 1394 523 concede

199 543 344 620 propitius
354 542 438 601 uobis
447 542 566 600 famulis
576 544 645 613 tuis,
656 548 692 599 ut
702 562 741 600 ex
751 543 814 618 ejus
824 543 1072 602 consolationibus
1081 543 1197 603 assidue
1206 543 1393 618 consolemur,

198 631 228 681 et
242 645 259 681 a
272 624 386 682 cunctis
399 623 627 682 adversitatibus
639 629 693 681 tuo
707 623 871 681 munimine
884 630 1079 701 protegamur.
1122 624 1182 683 Per
1193 625 1330 685 eundem

257 705 353 763 Lectio
367 704 436 762 libri
449 703 608 780 Sapientior
622 703 794 783 (Canticum
809 703 999 763 Contionum
1011 705 1043 764 ii.
1061 706 1118 780 1-4,
1135 706 1248 787 10-14).

258 786 322 862 Ilgo
336 786 389 842 flos
402 786 599 862 compitisque
612 787 653 844 od
666 785 755 844 facies
768 790 822 842 tua
835 785 947 846 decora.

260 866 395 925 Gradate.
498 872 501 877 ⁴

257 947 418 1005 Benedicta
441 951 472 1004 et
491 947 668 1005 venerabilis
691 966 731 1019 es,
752 946 838 1024 virgo
861 946 970 1021 Maria,
990 967 1056 1026 quae
1080 948 1145 1008 sine
1167 954 1253 1009 tactu
1276 949 1393 1028 pudoris

196 1028 320 1087 inventa
333 1046 364 1085 es
377 1034 474 1084 mater
486 1027 650 1086 salvatoris.

202 1109 232 1168 V.
255 1109 350 1185 Virgo
364 1108 422 1166 Dei
436 1108 581 1184 genetrix,
591 1128 679 1185 quem
689 1112 771 1166 totus
784 1127 845 1166 non
858 1108 939 1186 capit
951 1110 1039 1183 orbis,

357 1188 395 1247 Iu
408 1195 463 1245 tua
475 1207 506 1247 se
520 1189 626 1247 elausit
639 1189 752 1247 viscera
764 1189 859 1247 factus
873 1189 968 1249 homo.

256 1269 404 1346 Alleluya.
443 1268 472 1330 V.
496 1268 741 1341 Matermirifioa,

539 1350 660 1409 Summa
673 1371 726 1427 per
738 1350 865 1426 gratiam

498 1430 586 1490 Dona
599 1432 764 1508 multiplica

538 1510 647 1570 Ditans
661 1512 832 1572 ecclesiam:

497 1591 594 1650 Sacris
607 1593 769 1651 virtutibus

536 1673 655 1731 Tollens
668 1674 832 1745 dissidium,

496 1753 605 1813 Confer
616 1754 785 1831 petentibus

535 1834 633 1893 Tuum
645 1835 823 1911 praesidium.

253 1891 417 1990 Sequentia.

544 1996 732 2054 celebremus
745 1996 779 2053 in
792 1995 847 2054 hac
860 1997 909 2055 die
1087 2072 1089 2077 y

584 2077 706 2135 Festum
720 2077 824 2140 domus
837 2077 986 2136 Zacharia

583 2157 735 2216 Laudibus
749 2158 862 2217 laetitiae
875 2180 881 2216 :

544 2238 785 2316 Contemplemur
798 2239 842 2297 ibi
854 2246 979 2317 gestum,

583 2321 624 2377 Et
637 2319 673 2377 de
687 2325 769 2396 gesto
782 2320 836 2378 fiat
849 2322 959 2378 festum

582 2400 604 2459 J
605 2420 654 2458 am
667 2400 772 2458 domus
787 2400 932 2458 Ecclesiae.
957 2402 960 2406 ’

541 2481 653 2539 Thema
663 2483 726 2557 jam
741 2480 956 2554 sollemnitatis,

582 2561 713 2639 copiosae
727 2562 860 2620 caritatis

582 2642 688 2700 Gratia
701 2642 841 2700 recolitur
852 2663 860 2716 ;

541 2723 639 2793 Quam
652 2723 808 2781 Elisabeth
821 2724 908 2781 beata

581 2803 739 2862 Senectute
753 2803 910 2862 fecundata

581 2884 747 2961 suscepisse
761 2885 908 2943 scribitur.

539 2965 629 3024 Orbis
642 2972 724 3023 totus
737 2965 922 3043 gratuletur;

579 3047 653 3104 Toto
671 3047 757 3104 eorde
771 3051 929 3104 veneretur

580 3126 685 3185 Dulcis
699 3127 839 3185 visitatio.

542 3206 743 3284 Compassivi*
757 3208 852 3266 cordis
865 3208 1043 3285 benignitas,

579 3288 734 3346 Excessivi
746 3295 843 3347 status
856 3288 1018 3362 humilitas,

579 3369 668 3427 Sacra
680 3369 849 3428 consolatio.

538 3449 577 3508 In
594 3451 721 3509 introitu
736 3449 840 3508 Mariae

579 3531 698 3589 Prolem
711 3531 874 3608 prophetia

579 3612 708 3688 Spiritus
721 3612 872 3669 illuminat
884 3633 892 3671 ε

539 3692 712 3751 Consortata
725 3693 877 3769 gemitum,

578 3773 731 3831 Roborata
744 3774 879 3831 debitum

578 3854 664 3912 Felix
679 3874 784 3931 parens
797 3855 946 3912 terminat.

537 3933 616 4010 Ergo
630 3934 699 3992 sesti
711 3935 788 3993 hanc
801 3935 961 3993 auctricem

577 4015 681 4073 Lauda
694 4016 752 4073 Dei
766 4016 953 4092 genetricem,

577 4096 657 4166 Sion,
674 4115 711 4154 ex
725 4096 901 4173 praecordiis.

538 4177 685 4253 Quicquid
699 4177 777 4234 dicas
792 4178 828 4235 de
841 4176 968 4255 benigna

577 4257 681 4315 Minus
694 4264 739 4315 est
752 4278 771 4315 a
783 4257 872 4316 laude
884 4258 976 4336 digna

577 4338 695 4396 Debitis
708 4339 868 4414 praeeoniis.

625 4439 640 4466 ³
655 4440 946 4488 Sarum-“Excessiva’
