2910 4904
438 281 625 369 Sequentia
650 281 858 348 Communes.

107 452 148 516 Ia
161 450 260 511 amiati
273 451 366 511 aaiaa
379 449 564 525 evoaaeliatoe.
608 448 772 524 Sequentia.

399 532 510 589 Plausu
525 531 631 588 chorus
645 530 815 589 laetabundo

398 613 466 670 Hos
479 612 607 683 attollat,
623 631 676 687 per
688 630 763 687 quos
776 611 888 668 mundo

439 694 554 750 Sonant
568 693 737 767 Evangelia

398 774 481 832 Voce
495 793 622 849 quorum
636 773 716 830 salus
729 773 838 845 fluxit3

399 855 471 913 Nox
485 855 613 925 recessit,
630 861 661 910 et
674 855 778 912 illuxit

440 935 490 994 Sol
504 935 657 992 illustrans
671 936 778 992 omnia.

398 1029 508 1086 (iuram
522 1047 611 1104 agens
625 1029 671 1098 sui
685 1029 782 1105 gregis

398 1109 505 1167 Pastor
518 1110 623 1180 bonus,
639 1116 742 1166 auctor
755 1109 837 1186 legis,

384 1194 385 1198 ’
439 1191 589 1260 Quattuor
602 1191 747 1262 instituit,

398 1272 513 1340 Quadri
527 1271 606 1328 orbis
620 1271 657 1328 ad
670 1271 816 1329 medelam

397 1352 535 1410 Formam
546 1353 623 1429 juris
638 1359 669 1410 et
683 1351 828 1409 cautelam

438 1433 498 1491 Per
510 1453 584 1510 quos
598 1433 688 1491 scribi
701 1433 805 1490 voluit.

398 1526 484 1584 Circa
497 1527 597 1584 thema
611 1525 747 1602 generale

399 1607 502 1665 Habet
517 1609 640 1684 quisque
654 1607 778 1683 speciale

440 1688 519 1762 scyli
532 1689 721 1765 privilegium
733 1707 739 1745 t

399 1769 486 1837 Quod
503 1770 638 1846 designat
651 1771 684 1825 in
698 1769 842 1846 propheta

400 1849 508 1908 Forma
522 1852 619 1927 pictus
632 1852 688 1907 sub
701 1851 828 1908 discreta

439 1931 552 1989 Vultus
565 1932 747 1988 animalium.

400 2024 518 2081 Pellens
531 2025 640 2082 nubem
655 2031 764 2082 nostrae
778 2023 864 2082 molis

400 2105 542 2162 Intuetur
551 2107 642 2181 jubar
655 2105 724 2162 solis

438 2185 460 2244 J
462 2187 591 2243 ohannes
605 2186 637 2242 in
651 2186 752 2261 aquila
760 2205 769 2259 3

399 2266 496 2342 Supra
510 2267 594 2324 caelos
607 2267 680 2323 dum
694 2267 873 2340 conscendit,

397 2346 534 2404 Verbum
550 2348 650 2405 Patris
663 2348 857 2423 deprehendit

436 2428 552 2486 Natum
566 2435 636 2486 ante
650 2428 765 2486 saecula.

397 2521 453 2578 Est
467 2522 561 2579 leonis
574 2522 718 2598 rugientis

400 2603 503 2660 Marco
517 2602 628 2675 vultus,
644 2602 823 2679 resurgentis

440 2682 506 2753 Quo
521 2683 612 2741 claret
625 2685 776 2760 potentia;

395 2764 480 2824 Voce
494 2764 593 2822 Patris
607 2765 777 2837 excitatus,¹

396 2845 500 2922 Surgit
513 2845 659 2918 Christus,
676 2846 827 2904 laureatus

435 2927 606 2984 Immortali
619 2927 721 3003 gloria

395 3018 437 3076 Os
450 3019 615 3076 humanum
629 3026 675 3078 est
689 3020 838 3094 Matthaei,

392 3099 432 3156 In
446 3100 577 3157 humana
591 3102 686 3158 forma
700 3101 759 3159 Dei

433 3180 586 3238 Distentis
599 3182 784 3259 prosapiam,

391 3260 485 3337 Oujus
499 3281 591 3338 genus
605 3264 646 3321 sio
662 3264 804 3336 contexit,

391 3342 482 3411 Quod·
491 3363 510 3400 a
523 3343 615 3420 stirpe
629 3344 729 3401 David
743 3345 808 3402 exit

431 3423 490 3481 Per
503 3425 601 3481 carnis
616 3425 778 3482 materiam.

390 3515 497 3573 Rictus
511 3517 597 3574 bovis
613 3518 700 3575 Lucae
715 3518 813 3590 datur,

389 3597 428 3653 In
442 3617 502 3673 qua
516 3599 611 3655 forma
624 3599 770 3675 figuratur

429 3678 518 3736 Nova
533 3679 670 3737 Christus
683 3679 800 3751 hostia,

388 3759 453 3816 Ara
467 3761 562 3817 crucis
576 3748 748 3818 mansuetis

388 3840 449 3896 Hic
463 3847 618 3914 mactatur,
634 3841 733 3917 sicque
747 3845 834 3898 vetus

427 3920 548 3979 Transit
562 3922 756 3981 observantia.

388 4011 523 4072 Paradisi
536 4016 598 4072 haec
612 4016 725 4074 fluenta

387 4094 418 4151 N
420 4115 475 4151 ova
489 4095 598 4171 pluunt
611 4103 803 4170 sacramenta,

429 4176 502 4245 Quae
516 4177 646 4234 irrorent
659 4178 806 4254 gentibus.

386 4256 446 4313 His
460 4257 611 4332 quadrigis
625 4258 800 4334 deportatur

386 4337 502 4395 Mundo
517 4337 609 4411 Deus,
623 4339 801 4397 sublimetur

445 4419 519 4476 Istis
532 4439 600 4477 arca
613 4421 755 4479 vectibus.
