2910 4904
128 257 191 383 3116
671 313 796 379 Proca.

127 481 233 542 Hostis
246 503 312 560 quae
325 482 434 541 stravit
447 481 580 557 imperia,
594 480 734 538 liberavit
746 486 777 538 et
791 500 871 541 arva.

127 564 214 622 Salus
223 564 354 640 jocunda
366 564 450 621 nobis
463 582 502 620 ex
516 581 575 638 qua
588 561 681 633 floret,
695 562 822 619 felicitas
832 561 927 638 fulget
939 566 1030 639 atque
1043 580 1156 621 serena.
1190 622 1193 627 ,

127 645 176 702 Ex
188 665 248 722 qua
261 664 384 702 munera
396 650 498 701 sancta
511 642 637 713 stillant,
652 661 712 718 pax
725 643 867 718 procedit,
883 643 948 700 vita
960 643 1051 701 micat
1064 648 1096 701 et
1108 642 1218 702 alm--

127 725 247 784 Siderea
260 745 312 802 per
326 745 415 802 quam
427 743 517 800 regna
532 728 646 799 patent,
661 724 768 799 gaudia
782 729 905 781 manant
919 729 950 781 et
963 742 1098 800 superus.

128 805 154 864 0
168 804 243 864 crux
256 813 365 878 sancta,
380 812 411 863 te
426 805 511 863 laude
525 810 663 862 canentes
677 805 791 863 uirtute
803 811 932 881 tuarege
945 804 996 883 pia
1008 804 1112 866 omnia
1122 822 1178 881 por
1189 810 1318 881 tempora

186 1076 237 1134 Ad
249 1074 405 1152 Sequentia
418 1077 580 1136 Ploratum.
683 997 770 1054 LIX·

186 1168 335 1245 Alleluya

126 1257 248 1328 Gnoam
267 1279 443 1320 assemanus
463 1280 673 1322 cruaanoauu
688 1263 825 1321 Ecclesiae
839 1271 1011 1341 prorumpet
1022 1264 1065 1324 sic
1074 1284 1136 1323 vox
1149 1265 1304 1327 dulcisona

127 1342 174 1400 Sit
187 1343 252 1400 laus
266 1363 391 1401 vernans
405 1345 469 1415 tibi,
487 1344 613 1415 Christe,
627 1364 742 1420 semper
756 1345 843 1402 decus
856 1350 945 1422 atque
958 1345 1086 1405 rutilans

127 1423 258 1482 Luciferi
270 1431 340 1482 ante
354 1431 462 1497 ortum,
477 1445 571 1483 canna
584 1426 664 1483 canit
677 1432 713 1482 ut
726 1425 872 1484 Davitica.

126 1504 246 1562 Pollens
259 1505 438 1582 Verbigena‚
453 1470 577 1564 'sormam
592 1527 645 1583 qur
636 1506 785 1564 clemens
797 1506 973 1564 homiferam

126 1585 308 1662 sumpseras,
322 1606 411 1662 quam
423 1588 518 1644 crucis
531 1607 582 1645 ara
596 1586 735 1664 portavit,
750 1607 802 1645 ara
815 1607 904 1660 sacra,

125 1666 167 1723 Et
180 1667 260 1725 clara
272 1668 442 1744 propagasti
455 1668 546 1744 stirpe
557 1669 636 1726 orbis
649 1687 702 1744 per
715 1667 891 1725 lustramina

125 1745 168 1804 Te
180 1747 259 1826 (eie)
272 1749 423 1806 ecclesiam
436 1756 536 1825 spreta
549 1768 640 1826 synag
641 1769 696 1825 oga
705 1749 799 1806 errori
811 1768 894 1826 vaga

125 1827 208 1885 Hinc
222 1848 291 1905 rogo
305 1830 399 1886 crucis
412 1850 465 1906 per
478 1830 618 1906 stigmata
631 1839 721 1906 atque
734 1830 847 1887 fluente
859 1849 913 1907 per
926 1848 1017 1903 rosea,

125 1908 206 1977 Quos
219 1910 277 1966 tibi
290 1910 366 1967 filios
379 1930 508 1986 procreo,
523 1910 635 1987 repleg
618 1913 712 1967 cratia
729 1910 863 1970 caeliflua.

124 1989 199 2046 Fide
209 1990 346 2048 armifera
360 1990 438 2048 mala
452 1992 543 2067 angui
545 1994 606 2048 fera

124 2069 191 2138 Quo
205 2071 335 2143 vincant,
350 2072 431 2129 curia
445 2078 475 2129 et
488 2073 521 2128 in
534 2071 683 2148 stelligera

124 2150 205 2207 Diva
218 2171 271 2228 per
284 2152 369 2210 saecla
382 2153 522 2210 laetentur
535 2173 650 2210 corona.
668 2154 673 2163 '

263 2403 313 2462 Ad
326 2404 483 2480 Sequentia
497 2404 635 2463 Laudent
648 2311 757 2482 1111111..
771 2457 776 2465 .

263 2497 413 2574 Alleluya.

202 2588 353 2649 Launsur
373 2608 506 2650 cornua
525 2608 626 2650 ouum
645 2591 775 2668 pulchra.

202 2670 361 2744 Phoebus,l
374 2673 469 2744 stella,
484 2693 553 2745 nox,
569 2673 708 2749 Cynthia,
723 2673 795 2743 dies,
809 2692 889 2745 arva,
904 2672 989 2745 frete,

203 2752 270 2822 Qua
283 2754 397 2811 virtute
410 2774 464 2830 pro
479 2774 600 2812 munere
613 2773 672 2830 quo
686 2754 801 2830 possint
813 2753 919 2830 gloria,
939 2798 941 2803 .

203 2832 350 2891 Dextram
363 2835 537 2893 omniferam
552 2834 611 2892 Dei
624 2835 1038 2911 plasmatriccmsapientiam.
1064 2880 1066 2885 .

202 2913 319 2972 (lauant
331 2935 365 2972 ac
379 2916 513 2991 cymbala
526 2935 605 2973 nunc
625 2922 727 2973 nostra
740 2915 859 2973 tinnula
871 2915 1072 2975 modrdamina

202 2995 397 3053 Clementiam
411 2997 598 3054 salvatricem
612 2997 743 3072 ejusdem
756 2997 833 3053 divae
846 2996 956 3072 sophia
966 2996 1127 3056 almificam
1135 3017 1153 3057 z>

201 3076 275 3145 Quae
288 3077 401 3153 fulgida
414 3078 587 3154 praeviatrix
600 3077 711 3135 invitat
724 3076 774 3153 pia
785 3077 904 3154 agmina
917 3076 1093 3137 Christicolas

201 3156 337 3214 Peribola
350 3159 388 3214 ad
402 3159 531 3234 speciosa
542 3164 694 3234 portarum
710 3158 790 3230 Sion,
801 3158 882 3215 ultra
890 3158 985 3216 Jacob
998 3158 1101 3217 decora
1115 3161 1270 3235 tantumn

202 3237 268 3306 Qua
281 3247 331 3297 rut
319 3238 387 3297 tilat
401 3239 533 3296 Trinitas
546 3239 599 3296 illa
611 3240 698 3297 beata
711 3238 758 3296 sui
771 3237 927 3315 praesentia
939 3239 1039 3297 electis
1052 3239 1208 3315 revolatu

201 3318 268 3388 era
289 3334 348 3395 pax
371 3339 575 3396 summaque
598 3320 744 3397 splendor,
769 3340 828 3396 qua
850 3320 938 3378 decus
956 3327 1074 3395 vernat,
1093 3320 1165 3381 aula
1182 3338 1321 3401 gemm

219 3404 221 3408 '
281 3400 363 3476 plebe
376 3420 473 3472 aurea,
488 3421 555 3458 rosa
567 3420 716 3478 purpurea
728 3420 788 3476 qua
801 3400 894 3477 spirat
907 3419 941 3459 ac
953 3399 1041 3474 11111;

201 3479 331 3538 Ecclesia
344 3501 403 3557 qua
416 3481 524 3539 clamat
538 3482 683 3539 Hosanna
696 3482 815 3553 celsum,
830 3487 861 3539 et
874 3501 933 3558 qua
946 3445 1098 3541 Cherribin
1112 3489 1145 3541 et
1158 3482 1312 3567 Senphim

195 3558 327 3619 -Sanctus
337 3569 384 3619 ter
396 3563 506 3639 repetit
520 3568 631 3620 aeterna
644 3583 710 3620 cum
724 3562 825 3656 gloria

199 3641 264 3713 Yos
278 3642 387 3700 beabili
400 3663 459 3719 qua
472 3643 571 3720 palma
584 3644 736 3701 redimitos
750 3643 911 3719 conjungat

199 3708 272 3805 Ipsa
283 3724 360 3781 1111111
349 3723 441 3801 tiplex
456 3724 573 3782 bonitas
573 3745 674 3802 ,—per
686 3744 716 3782 ae
729 3730 836 3782 cuncta
845 3743 911 3802 qua
924 3722 1028 3787 salvat.
1068 3724 1119 3787 Sit
1133 3725 1188 3789 cui·
1197 3726 1284 3791 don.

646 3894 649 3902 ¹
686 3906 773 3967 LXI.

260 3991 355 4048 Proca
370 3991 479 4048 Omnes
493 3989 596 4048 sancti.

261 4083 410 4160 Alleluya.

201 4175 308 4251 Ouurs
322 4193 427 4235 sareu
448 4177 619 4249 8111111111,
635 4174 787 4234 Cherubin
800 4193 927 4255 quoquc,
941 4174 1055 4239 throni

201 4255 485 4334 Dominationeeque

202 4336 399 4417 Principatus,
415 4339 591 4414 Potestates,
603 4337 753 4430 ¹Virtutes,

618 4454 633 4483 ⁵
647 4451 818 4503 teu-rhet.
