2910 4904
593 258 688 322 Festo
712 257 862 324 Octobris.
1259 261 1321 323 119

124 473 166 529 Ir
187 472 423 531 Taunsnnrronr
444 490 550 532 ssrcrr
570 473 592 530 J
595 489 730 532 casuris
752 474 1011 532 strnmcausrs.
1055 472 1128 552 (viii.
1145 473 1214 530 Kal.
1230 471 1322 550 Nov.)

191 601 330 676 Officium.
375 602 495 660 Statuit.

192 682 302 742 OrntiO.

188 762 280 833 Deus,
304 764 355 839 qui
379 765 458 821 hunc
482 764 560 821 diem
588 762 766 821 sanctissimi
793 764 942 822 Johannis
965 765 1138 822 confessoris
1159 764 1206 821 tui
1233 770 1322 840 atque

124 844 275 920 pontilicis
288 845 481 902 translatione
494 845 645 916 decorasti,
660 844 705 902 fac
718 865 773 902 nos
783 846 846 921 ejus
855 845 969 902 meritis
983 847 1015 902 in
1023 852 1191 904 ‘sanctorum
1205 851 1321 902 tuorum

125 925 267 982 societate
281 925 444 984 transferri.
487 925 551 984 Per.

188 1006 333 1063 Meritoria
342 1007 376 1064 de
387 1007 494 1064 sanctis
504 1005 825 1082 martyribnsC'rispino
834 1005 1064 1083 etOrispininno.
1097 1006 1205 1064 Oratio.
1232 1006 1323 1078 Deus,

128 1087 182 1162 qui
196 1107 249 1142 nos
263 1087 404 1144 concedis.

189 1167 331 1242 Epistola.
373 1168 466 1224 Dedit
479 1167 626 1224 Dominus
640 1167 857 1226 confessionem.

192 1247 324 1305 Grndnle.
368 1249 443 1306 Ecce
457 1248 596 1307 sacerdos

190 1329 337 1404 Alleluya.
386 1329 416 1387 V.
438 1329 544 1386 Justus
557 1329 741 1404 germinabit.
1077 1394 1078 1398 ἵ

189 1408 325 1482 Seqnent'
344 1452 350 1465 .
395 1409 497 1466 Gaude
510 1416 612 1479 mater,
628 1410 740 1483 require
754 1419 839 1467 anteo
853 1410 887 1467 in
901 1410 1075 1485 depositione
1090 1409 1158 1485 ejus

189 1489 389 1563 Eonnpeiinna
433 1490 533 1547 Homo
547 1491 665 1566 quidam
679 1509 805 1566 peregre.

192 1569 384 1642 Offertorinna
423 1570 552 1628 Veritas.

189 1649 307 1709 Secreto.

189 1731 321 1806 Respice,
345 1750 519 1806 quaesumus,
545 1731 682 1803 Domine,
704 1732 850 1808 propitius
870 1732 907 1789 ad
927 1731 1106 1788 humilitatis
1128 1736 1236 1787 nostrae
1257 1749 1322 1806 sup-

125 1811 233 1888 plicem
249 1813 425 1884 servitatem,
440 1819 471 1868 et
492 1813 691 1869 intercedente
714 1814 800 1870 beato
823 1813 844 1870 J
846 1813 961 1869 ohanne
981 1811 1143 1869 confessore
1167 1818 1220 1868 tuo
1234 1816 1322 1887 atque

127 1893 275 1968 pontifice,
298 1894 381 1968 cujus
401 1893 626 1950 translationem
650 1892 838 1966 celebramus,
854 1893 965 1968 hostias
988 1912 1061 1968 quas
1083 1893 1116 1949 in
1135 1892 1246 1948 honore
1260 1893 1323 1967 ejus

126 1973 217 2030 sacris
231 1974 375 2031 altaribus
388 1974 584 2046 immolamus,
598 1975 743 2049 benignus
757 1993 879 2031 assume.
924 1974 989 2032 Per.

189 2053 371 2112 Coruncanio.
414 2054 526 2112 Beatus
540 2074 649 2112 servus.

188 2134 431 2193 Postcotnntnnio.

188 2214 303 2272 Praesta
326 2217 420 2288 nobiS,
444 2215 580 2288 Domine,
606 2235 781 2291 quaesumus,
807 2216 889 2273 beati
917 2215 1064 2273 Johannis
1085 2213 1256 2273 confessoris
1276 2212 1324 2269 tui

123 2301 216 2370 atque
231 2296 379 2370 pontificis
392 2296 506 2354 meritis
524 2304 553 2353 et
571 2298 709 2372 precibus
727 2297 871 2372 adjuvari,
891 2305 926 2352 ut
945 2298 1023 2371 quod
1043 2296 1236 2372 praesentibus
1254 2293 1324 2351 cele

127 2377 248 2433 bramus
272 2377 380 2450 officiis,
401 2378 464 2453 ejus
485 2378 623 2454 suffragio
647 2384 797 2454 perpetuae
811 2377 983 2434 salvationis
996 2377 1111 2453 gaudiis
1125 2395 1319 2452 assequamur.

126 2456 193 2516 Per.

202 2613 316 2672 Eousu
337 2631 391 2672 nra
412 2630 592 2673 smeronuu
613 2633 785 2675 unnrrnuu
807 2616 945 2674 Onrsrnu
968 2633 1004 2673 rr
1026 2616 1230 2675 Onrsrnumu.

592 2713 665 2784 (viii.
684 2715 752 2771 Kal.
771 2706 862 2786 Nor.)

191 2819 332 2894 Officium.
376 2820 462 2877 Salus
476 2827 584 2879 autem.

192 2901 302 2971 Oratio,
318 2903 353 2958 de
368 2901 531 2960 Communi.

189 2982 331 3056 Epistol.
375 2983 590 3057 Spectaculum.

192 3063 327 3120 Crudele.
370 3062 508 3120 Vindica.

188 3143 338 3218 Alleluya.
387 3144 415 3199 V.
440 3145 542 3201 Sancti
555 3146 610 3217 tui,
627 3145 764 3218 Domine,
781 3146 937 3204 florebunt.

188 3225 387 3298 Ecnnpeiinm.
432 3224 507 3282 Eece
521 3245 573 3301 ego
588 3226 675 3283 mitto
689 3246 750 3299 vos,
766 3247 860 3301 quiere
874 3228 907 3284 in
919 3227 1076 3285 C'onnnnni
1089 3228 1180 3286 nnins
1193 3227 1322 3304 apostoli.

190 3305 384 3379 Offirtorinna
428 3305 651 3363 Gloriabuntur.

187 3386 372 3446 Coruncanio.
415 3385 592 3444 Posuerunt.

200 3594 239 3650 In
261 3594 393 3651 Vrcrnru
413 3611 632 3653 arosrouonuu
655 3596 781 3653 S1uou1s
803 3613 841 3652 rr
861 3595 882 3652 J
885 3612 963 3654 uon.
1009 3596 1059 3667 (vi.
1076 3596 1146 3654 Kal.
1163 3597 1256 3672 Nor.)

191 3723 333 3798 Officium.
377 3724 486 3781 Intret.

191 3803 300 3861 Oratio.
344 3804 486 3875 Concede,
501 3824 677 3880 quaesumus.

121 3908 125 3913 ⁴
189 3885 329 3960 Epistol.
373 3884 530 3942 Justorum
543 3887 657 3943 animae.

190 3966 324 4023 Gradeie.
367 3965 506 4037 Vindice,
521 3987 614 4041 qncere
628 3967 662 4023 in
677 3966 832 4026 Oontntnni
841 3967 1042 4042 pinrimornnt
1055 3978 1227 4043 inurtprnnt.

187 4046 223 4104 Si
236 4047 393 4103 Dominicn
407 4047 453 4116 sit,
468 4047 615 4122 Alleluya.
666 4048 693 4105 V.
717 4048 819 4105 Sancti
832 4049 888 4118 tui,
904 4049 1040 4120 Domine,
1055 4050 1210 4106 florebunt.

187 4124 366 4207 [Sequentia.
411 4127 495 4185 Olore
509 4134 685 4200 sanctorum,
697 4129 732 4186 in
747 4128 904 4187 Ooncrnnni
918 4130 1228 4205 apostoimnrn.—lllS.
1245 4127 1291 4210 0.]

189 4208 388 4282 Doctnpeiinnt.
431 4209 494 4283 Ego
509 4228 574 4266 sum
588 4209 667 4266 vitis.

192 4288 387 4362 offertorium.
429 4289 658 4347 Exaltabuntur.

191 4369 374 4428 Connrtnnin
416 4370 438 4427 J
442 4376 573 4427 ustorum
589 4371 701 4428 animae.
