2910 4904
430 345 526 409 Festa
547 343 749 410 Novembm

290 513 414 570 Omnem
428 517 539 588 spectat
553 512 590 569 ad
604 517 721 575 aetatem

289 593 464 651 Katharinae
478 593 652 668 dignitatem

329 673 486 731 Cumulare
499 672 643 730 laudibus.

288 755 363 812 Haec
378 760 422 812 est
434 754 486 811 illa
500 753 582 811 Costi
595 761 673 826 nata,

289 835 382 911 Cujus
395 841 463 892 ortu
476 835 611 892 decorata

329 917 481 973 Gloriatur
495 914 614 972 Graecia.

290 996 366 1054 Haeo
379 1003 423 1054 est
437 1016 502 1072 quae
515 1016 615 1053 mnam
629 996 686 1054 sibi
699 996 797 1054 datam

290 1077 409 1135 Christo
422 1076 524 1134 reddet
537 1077 721 1153 decuplatam
824 1073 827 1079 ’

328 1159 396 1216 Oris
410 1158 583 1234 eloquentia.

192 1250 194 1252 ’
288 1239 400 1296 Scholis
412 1258 525 1310 vacans,
541 1245 618 1296 artes
631 1239 738 1310 dicens,

286 1319 406 1376 Altiora
419 1319 631 1395 concupiscens

328 1401 434 1458 Studet
448 1400 604 1475 evangelie.

288 1481 356 1538 Duo
369 1482 467 1556 legens
480 1487 663 1553 testamenta,

287 1561 463 1624 Vitaevidet
475 1562 624 1632 alimenta,

328 1642 480 1700 Christum
493 1643 526 1698 in
539 1643 687 1718 praesepio.

288 1723 361 1780 Cibo
375 1724 454 1781 dulci
467 1723 634 1793 refovetur3

288 1805 353 1872 Quo
367 1805 432 1880 plus
445 1810 553 1879 gustat,
568 1804 634 1879 plus
647 1809 772 1880 augetur

327 1885 468 1943 Sanctum
482 1885 664 1942 desiderium.

287 1965 361 2022 Cibo
375 1967 573 2022 conformatur
585 1966 653 2036 isti3

287 2047 325 2104 Se
339 2048 483 2122 configens
497 2047 576 2103 cruci
590 2046 701 2104 Christi

327 2127 429 2184 Currit
442 2127 479 2184 ad
492 2127 675 2205 martyrium.

286 2208 354 2265 Rex
368 2208 436 2264 hino
449 2213 548 2278 terret,
563 2208 632 2264 hino
645 2207 796 2265 blanditur
807 2229 816 2281 ;

287 2288 361 2345 Haeo
376 2308 436 2344 non
446 2289 540 2359 timet,
554 2308 608 2345 neo
621 2288 740 2359 lenitur,

326 2369 392 2426 Prae
406 2369 513 2426 mentis
527 2369 698 2425 constantia.

286 2450 369 2507 Hinc
383 2455 506 2507 terrores
520 2454 555 2505 ut
568 2449 684 2521 favillae,

287 2530 369 2587 Hinc
382 2550 435 2601 res,
451 2531 535 2601 servi,
551 2530 598 2587 vel
611 2530 723 2587 ancillae

328 2612 514 2687 Spernuntur
527 2616 562 2667 ut
575 2612 653 2668 vilia.

287 2691 438 2767 Sapientes
451 2698 635 2766 superantur,

287 2772 419 2830 Credunt
433 2771 558 2842 Christo
573 2772 699 2829 flammis
713 2773 839 2845 dantur;

200 2858 202 2862 '
327 2853 384 2910 Sed
398 2871 451 2910 neo
464 2853 540 2928 perit
554 2853 676 2910 fimbria.

287 2933 461 2991 Carceratur
473 2934 557 3008 virgo
571 2953 642 2991 oaesa
652 2955 660 3005 ;

286 3013 445 3084 Visitatur,
460 3015 495 3071 fit
508 3014 599 3071 illaesa

327 3095 470 3170 Superum
484 3095 645 3170 praesentia.

286 3175 383 3244 Quam
396 3175 496 3251 regina
510 3175 581 3232 dum
594 3176 714 3247 solatur,

284 3256 336 3312 Ad
349 3261 496 3314 certamen
509 3255 662 3326 invitatur,

285 3336 379 3394 Favet
392 3356 490 3407 ovans,
506 3343 670 3408 coronatur,

325 3418 426 3475 Certat
439 3418 486 3475 die
500 3418 595 3476 tertia.

284 3499 315 3554 A
330 3498 464 3555 columba
477 3498 546 3555 dum
560 3498 674 3556 cibatur

285 3577 388 3656 Virgo,
403 3585 468 3635 rota
481 3579 660 3652 fabricatur3

285 3659 368 3732 Orat,
382 3679 477 3717 nexus
491 3660 656 3736 dissipatur,

325 3740 474 3797 Sternitur
487 3741 568 3816 plebs
581 3741 679 3816 impia.

284 3821 341 3878 Tot
354 3821 539 3897 triumphans
552 3821 584 3878 in
597 3823 760 3895 tormentis,

284 3902 335 3958 Ad
349 3921 554 3977 supernarum
568 3902 701 3960 ducentis

324 3982 485 4039 Praemittit
499 3982 702 4058 Porphyrium.

281 4063 444 4138 Impetrato
458 4063 596 4139 quioquid
611 4070 683 4135 orat,

282 4143 365 4200 Ferit
378 4144 481 4216 liotor;
501 4144 545 4201 lac
559 4144 666 4202 irrorat

322 4223 467 4282 Ferientis
480 4224 620 4300 gladium.

283 4304 395 4381 Corpus
408 4305 520 4363 caelitus
532 4304 682 4364 sublatum

284 4385 339 4442 Est
351 4387 384 4443 in
398 4386 469 4443 Sina
481 4385 679 4459 tumulatum3

324 4458 438 4526 Tumba
450 4473 551 4526 manat
563 4467 667 4528 oleum.
746 4475 749 4479 ’
