2910 4904
624 321 720 386 Festo
734 321 851 387 Just.

462 487 601 545 Placatur
613 489 735 545 tandem
749 508 876 565 superna
889 491 983 566 pietas

499 568 610 644 Longis
623 570 683 625 viri
696 569 823 642 fletibus

461 649 597 706 Eundem
610 650 698 726 plena
711 652 867 709 remittens

499 730 567 787 Suis
581 731 613 787 in
627 738 774 807 potestate
788 733 900 790 ovibus.

460 842 517 901 Sed
530 843 563 899 in
577 843 661 901 brevi
675 853 877 902 consummato

499 924 613 981 Labore
627 925 744 982 tollitur
758 927 793 983 de
806 927 920 984 medio:

459 1005 546 1073 Quod
559 1003 661 1063 livoris
676 1005 793 1064 tabem*
807 1009 910 1080 nescit,

498 1086 616 1144 Oaelesti
629 1088 817 1164 triumphans
830 1089 948 1166 palatio.

458 1200 561 1257 Verba
574 1201 674 1274 mutis,
691 1202 774 1259 caecis
787 1203 876 1274 visus,
900 1245 902 1248 ι

458 1281 649 1357 Reparantur
663 1283 809 1339 divinitus

497 1362 572 1438 Ejus
586 1382 671 1439 opem
685 1364 879 1440 poscentibus.
956 1410 960 1423 .,

458 1478 568 1550 Sardis,
584 1479 704 1550 claudis,
720 1485 751 1536 ct
764 1479 892 1555 leprosis

459 1558 544 1617 Salus
559 1559 655 1630 datur,
672 1566 702 1617 et
715 1561 852 1636 gibbosis‚

497 1641 605 1697 Turbis
619 1640 716 1697 Deum
730 1641 927 1698 laudantibus,

457 1753 634 1830 Effugantur
647 1755 800 1824 daemonia,

498 1834 648 1892 Sanantur
661 1835 826 1911 paralytici,

458 1915 646 1973 Moribundis
659 1917 723 1973 vita
736 1917 822 1988 redit,

496 1997 647 2054 Gur-antur
660 2003 691 2054 et
704 1997 866 2074 hydropici.

457 2111 575 2169 Gaudet
588 2113 776 2181 aemorroissa,

496 2192 646 2251 Rostricto
660 2194 744 2249 fluxu
759 2195 917 2271 sanguinis.

456 2272 574 2330 Gaudet
588 2279 618 2330 et
632 2275 792 2332 calculosus

494 2354 601 2411 Morbo
615 2362 747 2412 cessante
760 2356 875 2431 lapidis.

455 2470 567 2527 Panem
581 2471 658 2546 sapit
672 2473 726 2528 sub
740 2471 839 2547 palato

388 2627 391 2632 ι
455 2551 550 2608 Sacrae
563 2553 673 2608 tumbae
687 2572 725 2609 ex
739 2557 879 2609 caemento

493 2634 545 2689 Ad
558 2633 683 2690 salutem
697 2638 815 2709 sumpta
828 2632 980 2708 particula.

454 2746 545 2803 Facto
558 2753 629 2803 voto
643 2753 740 2803 nautae
755 2752 873 2822 gratum

454 2827 549 2884 Salvis
563 2829 650 2884 rebus
664 2833 768 2884 tenent
781 2835 900 2904 portum

493 2909 592 2984 Aquis
605 2910 693 2986 plena
706 2910 784 2965 vecti
797 2909 940 2967 navicula.

452 3019 503 3075 Ad
517 3020 621 3077 salutis
635 3026 665 3077 et
678 3039 732 3076 nos
745 3040 813 3076 vere

453 3100 579 3157 Portum
593 3102 672 3158 tanti
687 3102 785 3157 Patris
799 3121 883 3176 prece

494 3182 605 3239 Christi
619 3183 708 3239 ducat
722 3182 884 3239 clementia.

187 3309 389 3384 Ecanqclium.
434 3310 534 3367 Homo
548 3311 668 3386 quidam
682 3312 819 3372 nobilisl

189 3402 385 3477 Offlrtortuna
429 3403 557 3461 Veritas

187 3496 311 3555 Secreta.

187 3578 325 3648 Munera,
342 3579 478 3651 Domine,
497 3579 596 3636 oblata
616 3580 775 3651 sanctifica,
791 3586 821 3637 et
845 3579 1046 3636 intercedente
1065 3580 1151 3637 beato
1177 3581 1327 3641 Willelmo

124 3660 290 3717 confessore
314 3665 367 3716 tuo
389 3666 479 3736 atque
505 3661 652 3736 pontifice,
679 3681 732 3718 nos
755 3681 809 3737 per
831 3661 894 3718 haec
917 3680 935 3717 a
958 3667 1145 3736 pcccatorum
1160 3670 1326 3721 nostrorum

125 3741 250 3798 maculis
264 3740 399 3798 emunda.
443 3741 502 3798 Per
519 3742 690 3798 Dominum.

188 3833 370 3892 Corumurrio.
414 3835 525 3892 Beatus
538 3854 646 3892 servus.

187 3927 428 3984 Poatcomnrunio.

189 4007 340 4083 Supplices
361 4014 392 4064 te
414 4028 558 4084 rogamus,
575 4009 761 4084 omnipotens
775 4009 864 4080 Deus,
880 4015 916 4064 ut
937 4028 1010 4084 quos
1033 4010 1093 4065 tuis
1116 4010 1209 4065 reficis
1231 4029 1324 4068 sacra-

129 4088 243 4157 mentis,
257 4089 457 4146 intercedente
471 4091 557 4146 beato
576 4088 730 4147 Willelmo
749 4090 913 4147 confessore
933 4098 985 4145 tuo
1004 4097 1092 4164 atque
1108 4091 1252 4164 pontifice,
1269 4092 1326 4148 tibi

132 4169 219 4225 etiam
231 4169 346 4244 placitis
360 4171 491 4226 moribus
506 4171 663 4246 dignanter
676 4171 790 4227 tribuas
804 4171 958 4227 deservire.
1003 4170 1068 4227 Per.

188 4323 202 4346 ⁴¹
217 4322 254 4367 Ita
262 4323 334 4369 MSS.
347 4324 374 4382 C,
385 4325 416 4381 D,
426 4325 474 4368 and
485 4325 511 4369 F.
543 4323 719 4369 Edd-labem.

153 4450 158 4459 1
189 4393 273 4498 uptote
288 4409 321 4500 omni
334 4396 442 4453 margin:
458 4396 510 4441 MS.
523 4396 629 4442 n-Htc
638 4411 683 4441 non
693 4396 776 4450 dicitur
788 4397 872 4455 Credo,
884 4397 930 4443 reici
939 4397 964 4442 iu
973 4396 1064 4458 asiatici
1075 4398 1167 4443 ecclesia
1179 4406 1199 4444 et
1209 4400 1234 4445 in
1244 4401 1325 4447 Dan-t

138 4465 204 4498 mccc
240 4468 288 4514 naqa
322 4488 328 4499 .
