2910 4904
659 283 755 348 Festo
776 283 936 369 Aayaat.

439 519 478 575 Iu
498 536 552 576 nm
572 535 678 577 sineri
700 519 884 577 Luunmrn.
929 519 979 597 (iv.
997 519 1042 576 Id
1059 518 1154 598 Aug.)

257 646 407 787 iiiiii&
418 736 448 786 ct
461 729 650 805 pulchritudo
662 730 696 786 in
709 735 867 806 conspectu
881 730 963 806 ejus:
984 730 1126 789 sanctitas
1136 735 1168 789 ct
1178 730 1396 810 magnificentia

198 813 230 868 in
243 811 476 868 sanctificatione
490 812 561 886 ejus.

258 903 527 1043 (iiiiintisbommo
541 983 690 1041 canticum
704 1003 832 1041 novum:
853 990 971 1042 cantate
985 985 1116 1042 Domino
1130 985 1228 1043 omnis
1241 992 1331 1044 terra

261 1078 370 1136 Oratio.

258 1161 306 1216 Da
320 1158 412 1231 nobis,
428 1177 602 1234 quaesumus,
618 1157 803 1233 omnipotens
818 1158 909 1229 Deus,
925 1159 1069 1215 vitiorum
1082 1162 1254 1217 nostrorum
1267 1160 1396 1218 flammas

197 1240 377 1316 extinguere,
406 1240 458 1315 qui
484 1240 570 1295 beato
598 1238 759 1295 Laurentio
786 1239 913 1314 martyri
939 1245 992 1297 tuo
1020 1240 1155 1321 tribuisti
1181 1246 1396 1299 tormentorum

87 1326 91 1333 '
197 1342 317 1379 suorum
329 1321 465 1378 incendia
477 1339 621 1396 superare.
664 1319 723 1377 Per
736 1320 906 1380 Dominum

261 1414 308 1471 rid
323 1413 490 1472 Corinthios
503 1413 542 1489 (2
556 1413 594 1470 iac.
614 1411 708 1490 6-10)

258 1497 394 1553 Fratres:
416 1495 468 1571 qui
481 1513 567 1571 parce
581 1493 708 1550 seminat
721 1513 812 1568 usquc
826 1495 867 1551 od
876 1493 1004 1570 justitiae
1017 1499 1132 1552 vestrae.

262 1589 396 1647 Grodolc.

259 1671 406 1741 Probasti,
421 1669 557 1741 Domine,
570 1687 731 1726 cormeum
744 1689 751 1726 :
773 1674 804 1726 et
817 1669 946 1726 visitasti
959 1674 1052 1727 noete.

205 1754 233 1810 V.
261 1752 335 1828 Igne
349 1771 396 1808 me
410 1750 604 1808 examinasti:
625 1755 655 1806 et
669 1768 729 1805 non
743 1754 788 1806 est
801 1751 924 1806 inventa
937 1750 971 1806 in
984 1770 1031 1808 me
1044 1750 1196 1826 iniquitas.

259 1833 407 1907 Alleluya.
458 1831 484 1888 V.
509 1830 616 1887 Levita
629 1829 808 1888 Laurentius
828 1832 938 1888 bonum
953 1851 1026 1907 opus
1043 1837 1181 1908 operatus
1195 1835 1259 1890 est:
1281 1830 1334 1908 qui
1346 1850 1398 1909 per

199 1915 315 1989 signum
330 1913 423 1971 crucis
438 1931 527 1970 caecos
541 1911 732 1967 illuminavit.

261 2005 423 2081 »inquientia

362 2087 444 2144 Stolo
452 2083 655 2161 jocunditatis,
672 2083 808 2159 alleluya,

360 2167 466 2224 Induit
480 2166 566 2223 hodie
580 2165 727 2222 Dominus
740 2165 866 2222 militem
880 2185 965 2223 suum
979 2165 1184 2224 Laurentium.

361 2248 454 2305 Solito
468 2247 589 2323 plaudat
603 2246 727 2302 alacrius
741 2247 841 2303 concio
856 2247 924 2304 laeta
936 2247 1076 2305 fidelium.

361 2329 460 2386 Hodie
474 2334 588 2402 martyr
600 2327 723 2402 insignis
736 2327 862 2384 hostiam
877 2329 941 2384 Deo
955 2328 1120 2408 placentem
1133 2329 1245 2387 obtulit
1259 2351 1265 2388 :

361 2410 461 2466 Hodie
474 2414 656 2466 tormentum
669 2408 745 2484 ignis
758 2409 889 2483 graviter
902 2408 1089 2485 cacuminatus
1102 2411 1236 2486 pertulit.

361 2491 522 2547 Animatus
536 2490 573 2547 ad
586 2495 734 2546 certamen
747 2491 863 2545 monitu
876 2490 958 2546 beati
970 2490 1055 2563 senis,

365 2570 572 2630 Gravissima*
586 2590 645 2626 non
659 2570 769 2645 refugit
784 2570 922 2627 exhibere
936 2570 1068 2628 membra
1081 2572 1181 2648 paenis,

560 2663 643 2719 Ante
657 2682 755 2738 regem
769 2662 935 2733 accersitur,

561 2744 602 2800 Et
616 2743 651 2800 de
666 2745 752 2800 rebus
766 2743 949 2816 convenitur,

602 2823 732 2880 Occultis
746 2824 872 2881 ecclesiae
885 2845 891 2881 :

562 2904 618 2962 Sed
633 2925 693 2959 non
707 2904 793 2975 cedit,
808 2905 1016 2962 blandimentis

561 2985 721 3042 Emollitus
735 2991 787 3041 aut
800 2987 968 3058 tormentis

602 3067 676 3141 Ejus
689 3067 829 3123 avaritia.

562 3159 692 3216 Luditur
705 3159 900 3230 Valerianus3

562 3241 603 3298 Et
617 3240 730 3297 Levitae
744 3241 826 3317 larga
839 3259 944 3297 manus

603 3321 684 3378 Dum
698 3322 774 3397 petit
787 3321 928 3391 inducias,

563 3403 625 3459 Dat
639 3403 775 3458 ministra
788 3403 919 3459 caritatis

563 3484 745 3559 Pauperibus
759 3484 941 3560 congregatis

603 3565 791 3620 Facultatum
806 3566 910 3640 copias.

563 3657 650 3713 Furit
664 3656 756 3732 igitur
769 3657 923 3731 praefectus

564 3738 604 3794 Et
618 3744 739 3813 panitur
752 3738 857 3793 ardens
870 3737 971 3810 lectus,

563 3818 741 3874 insultantis
754 3818 865 3875 viscera

604 3916 608 3929 ¹
621 3899 700 3954 'rutis
714 3899 775 3954 urit
788 3919 895 3974 aspera.

565 3993 657 4047 :unlut-
671 3998 783 4066 martyr
797 3992 829 4047 in
843 4011 933 4067 agone

565 4074 620 4145 Spe
636 4072 775 4127 mcruedis
789 4081 819 4129 et
832 4092 954 4145 coroner,

565 4156 636 4221 Qun
651 4154 739 4209 datur
752 4153 886 4209 fidelibus

608 4234 662 4291 l‘ro
677 4234 794 4292 ltu-isto
808 4236 996 4293 certantibus

642 4402 653 4425 ¹
669 4400 721 4446 MS.
734 4401 958 4450 D-Amurissimis.
