2910 4904
526 307 622 373 Festa
643 306 836 372 Decembris.

382 474 458 532 Erat
470 475 503 530 in
517 475 580 549 ejus
593 474 692 531 animo

422 555 523 612 Pietas
536 555 645 612 eximia
656 575 664 628 3

382 636 423 693 Et
436 637 582 712 oppressis
595 636 784 711 impendebat

422 716 523 774 Multa
536 717 683 776 beneficia.

380 798 466 855 Auro
480 818 532 873 per
545 818 612 856 eum
627 797 777 874 virginum

420 879 549 936 Tollitur
562 879 685 935 infamia
695 899 704 951 3

379 960 482 1036 Atque
496 961 589 1036 patris
603 959 762 1017 earundem

420 1041 551 1099 Levatur
564 1041 671 1117 inopia.

381 1121 508 1190 Quidam
520 1128 619 1179 nautae
633 1122 807 1196 navigantes

419 1204 460 1258 Et
470 1210 573 1260 contra
586 1204 729 1260 fluctuum
741 1201 887 1260 saevitiam
901 1202 1056 1272 luctantes.

419 1284 501 1340 Navi
515 1303 598 1359 poeno
612 1283 762 1353 dissoluta,

378 1364 400 1421 J
401 1383 450 1421 am
463 1364 499 1421 de
513 1365 577 1420 vita
590 1365 786 1440 desperantes,

418 1445 435 1500 Ι
437 1465 457 1502 n
467 1452 552 1502 tanto
562 1445 651 1520 positi
661 1445 790 1522 periculo
804 1444 972 1517 clamantes

418 1526 499 1584 Voce
513 1526 616 1583 dicunt
629 1546 729 1583 omnes
743 1546 822 1583 una:

378 1605 404 1663 Ο
419 1607 504 1664 beate
518 1607 649 1679 Nicolae,

417 1687 482 1745 Nos
496 1689 533 1744 ad
547 1689 637 1745 maris
650 1693 770 1764 portum
784 1687 869 1746 trahe

417 1769 464 1825 De
477 1769 581 1826 mortis
595 1769 731 1845 angustia
743 1789 752 1842 3

377 1848 473 1906 Traho
487 1869 540 1907 nos
554 1851 591 1906 ad
604 1857 724 1926 portum
738 1850 834 1923 maris,

416 1931 462 1986 Tu
476 1932 529 2006 qui
542 1937 588 1988 tot
601 1931 755 1988 auxiliaris

415 2011 541 2069 Pietatis
554 2011 658 2087 grstia.

375 2092 457 2149 Dum
471 2093 631 2150 clamarent
644 2113 697 2150 nec
711 2092 866 2166 incassum,

415 2173 490 2231 Ecce
504 2173 624 2249 quidam
638 2175 746 2246 dicens,
763 2177 875 2233 Assum

414 2256 465 2312 Ad
480 2261 579 2312 vestra
592 2255 735 2330 praesidia.

374 2334 483 2392 Statim
497 2356 570 2393 aura
584 2337 672 2392 datur
684 2331 778 2412 grata,

414 2416 455 2472 Et
469 2423 626 2491 tempestas
640 2417 676 2473 fit
689 2417 798 2489 sedata,

414 2497 598 2566 Quieverunt
612 2499 712 2554 maria.

373 2577 421 2634 Ex
435 2579 526 2653 ipsius
539 2580 643 2635 tumba
656 2586 759 2635 manat

411 2658 572 2717 Unctionis
586 2660 676 2735 copia,

371 2738 443 2807 Quae
457 2739 590 2796 infirmos
604 2760 705 2797 omnes
722 2747 808 2798 sanat

411 2820 470 2877 Per
483 2821 545 2896 ejus
559 2822 706 2897 suffragia.

370 2900 434 2958 Nos
448 2903 501 2977 qui
514 2921 615 2958 sumus
629 2905 661 2958 in
674 2902 729 2959 hoc
743 2902 855 2960 mundo

410 2982 564 3039 Vitiorum
578 2983 611 3038 in
624 2984 770 3058 profundo

409 3063 431 3120 J
433 3083 481 3119 am
495 3063 574 3139 passi
588 3064 752 3142 naufpagia,

373 3143 506 3201 Gloriose
521 3144 653 3216 Nicolae,
711 3152 714 3157 '

410 3226 462 3282 Ad
477 3225 579 3282 salutis
593 3232 712 3302 portum
726 3226 818 3297 trahe,

411 3306 476 3364 Ubi
489 3327 547 3382 pax
561 3312 592 3364 et
604 3307 704 3382 gloria.

372 3386 472 3462 Ipsam
485 3389 570 3444 nobis
583 3389 752 3445 unctionem

410 3468 556 3544 Impetret
571 3488 588 3525 a
602 3469 733 3527 Domino

411 3548 500 3605 Prece
514 3550 563 3624 pia
574 3570 581 3620 3

371 3628 430 3697 Qui
444 3631 560 3687 sanavit
574 3630 721 3687 laesionem

410 3709 576 3767 Multorum
591 3712 792 3788 peccaminum

409 3792 449 3848 In
464 3793 564 3849 maria.

370 3870 462 3947 Cujus
475 3873 584 3929 festum
598 3873 778 3930 celebrantes

409 3953 565 4010 Gaudeant
578 3974 632 4029 per
644 3953 750 4011 saeoula
764 3973 772 4024 ;

368 4033 409 4090 Et
422 4041 542 4091 coronet
557 4054 605 4092 eos
620 4035 757 4092 Christus

409 4115 483 4172 Post
503 4116 572 4173 vitae
587 4116 739 4173 curricula.

126 4212 330 4287 Evunqelium.
374 4212 474 4269 Homo
489 4213 609 4288 quidam
623 4233 750 4290 peregre.

95 4366 98 4371 .
128 4293 322 4367 Offcrtortum.
366 4293 495 4352 Veritas.

126 4374 251 4433 Secreto.

126 4455 294 4528 Sanctifica,
316 4475 492 4532 quaesumus,
510 4455 648 4528 Domine,
664 4456 763 4514 oblata
786 4475 1003 4534 muneraque
1027 4458 1060 4516 in
1081 4461 1268 4520 veneratione
