2910 4904
139 337 200 401 116
597 335 693 402 Festo
717 335 870 402 Octobris.

196 499 398 577 anmpala‘um.
441 501 581 578 Vigilate.

198 581 391 656 Offirtorium.
434 582 550 639 Inveni.

197 662 318 720 Secreto.
442 684 445 692 ¹

196 742 327 818 Mystioa
338 742 431 814 nobis,
447 742 582 815 Domine,
597 743 691 818 prosit
705 742 833 815 oblati03
853 762 918 819 quae
932 762 986 800 nos
1000 749 1030 801 et
1043 762 1061 800 a
1074 743 1206 802 reatibus
1223 743 1336 802 nostris

135 823 280 899 expediat,
297 831 327 881 et
340 830 483 900 perpetua.
495 823 657 880 salvatione
669 824 830 881 confirmet.
873 824 938 882 Par.

198 904 377 962 Commutato.
421 904 558 974 Domine,
572 905 709 980 quinque.

195 985 436 1043 Poatoomoaunio.

196 1065 379 1139 Quaesumus,
393 1064 578 1140 omnipotens
592 1065 682 1136 Deus,
698 1071 733 1121 ut
746 1071 861 1122 reatum
874 1070 1009 1124 nostrum
1021 1086 1145 1125 munere
1158 1087 1240 1125 sacra
1252 1065 1337 1145 puri·

134 1144 231 1221 fioent,
247 1152 277 1205 et
291 1153 369 1204 recte
382 1147 504 1203 vivendi
515 1144 600 1204 nobis
614 1151 773 1222 operentur
787 1146 931 1204 effectum.
974 1147 1039 1206 Per.

254 1327 365 1385 Sauorr
385 1327 572 1397 Wunrnsru,
595 1343 728 1386 rarsoorr
750 1344 788 1384 rr
808 1343 1011 1387 corrnssonrs.
1056 1329 1114 1407 (Id.
1131 1329 1211 1408 Oct.)

197 1441 337 1517 Officium.
381 1442 495 1502 Statuit
509 1442 544 1500 ei.

198 1523 307 1595 Oratio,
323 1523 357 1582 da
372 1521 549 1602 comerent}

194 1603 336 1679 Epistola.
378 1604 454 1661 Ecce
467 1603 606 1663 saoerdos.

195 1683 330 1742 Grodalo.
373 1685 509 1756 Domine,
524 1682 701 1760 praevenisti

193 1764 342 1840 Alleluya.
392 1766 420 1823 V.
443 1765 554 1822 Inveni
567 1764 676 1822 David.

194 1845 393 1919 Eauoqelium.
436 1845 537 1902 Homo
551 1845 671 1920 quidam
684 1864 810 1921 peregre.

195 1924 386 1997 Ofirtoaium.
428 1926 556 1983 Veritas.

194 2003 375 2064 Commutato.
418 2006 528 2063 Fidelis
541 2024 652 2064 servus.

341 2176 453 2234 Serum
473 2176 574 2247 Lucu,
596 2192 816 2235 nvarsmrsrm.
859 2177 919 2254 (xv.
937 2178 1007 2236 Καὶ
1024 2177 1115 2256 Nor.)

193 2289 334 2367 Officium.
376 2292 415 2348 In
429 2292 533 2351 medio.

194 2372 304 2432 Oratio.

189 2453 376 2511 Interveniat
402 2473 455 2530 pro
483 2453 576 2524 nobis,
604 2473 780 2528 quaesumus
809 2454 944 2525 Domine,
973 2460 1091 2513 sanctus
1125 2459 1196 2513 tuus
1231 2455 1329 2514 Luoaa

129 2535 316 2611 evangelista,
332 2535 385 2610 qui
406 2535 499 2591 oruois
522 2534 779 2592 mortificationem
799 2535 913 2611 jugiter
933 2536 966 2592 in
989 2555 1042 2594 auo
1066 2555 1186 2613 corpore
1205 2555 1260 2613 pro
1281 2536 1329 2595 tui

131 2617 260 2674 nominis
273 2616 384 2672 honore
398 2615 536 2690 portavit.
581 2614 646 2672 Per.

189 2696 334 2754 Memoria
348 2697 382 2753 de
395 2705 492 2753 sanato
505 2694 594 2752 Justo
608 2705 744 2769 martyre,
760 2705 794 2752 ut
807 2697 842 2754 ira
856 2695 1020 2755 Communi.

190 2777 332 2853 Epistoha.
376 2775 547 2852 Unicuique
560 2781 703 2834 nostrum.

192 2856 326 2915 masau.
370 2855 412 2914 Os
421 2856 504 2931 justi

188 2937 339 3012 Alleluya.
389 2936 417 2994 V.
441 2936 559 2993 Primus
572 2936 610 2992 ari
624 2936 703 2994 Sion.

188 3016 351 3093 Sequentia.
393 3017 415 3074 J
416 3017 569 3088 ooundare,
585 3026 619 3073 ut
632 3018 666 3074 isa
681 3017 845 3078 Communi.

188 3098 390 3172 anopeliuua.
434 3097 610 3173 Designavit
624 3097 779 3156 Dominus.

190 3178 293 3237 Credo.

191 3258 383 3334 Offertorium.
425 3258 563 3316 Posuisti.

190 3340 309 3398 Secreto.

189 3421 284 3478 Donis
304 3419 468 3477 caelestibus
482 3419 519 3476 da
532 3420 625 3490 nobis,
642 3440 815 3496 quaesumus
833 3420 969 3493 Domine,
983 3422 1077 3479 libera
1089 3427 1189 3480 mente
1202 3422 1323 3495 servire,

129 3508 164 3558 ut
178 3520 300 3558 munera
313 3521 377 3577 quae
391 3501 448 3557 tibi
461 3500 626 3572 deferimus,
642 3501 858 3560 interveniente
871 3503 957 3560 beato
971 3502 1151 3580 evangelista
1164 3508 1219 3561 tuo
1234 3503 1323 3575 Lusa,

128 3590 160 3641 et
173 3583 316 3640 medelam
329 3582 413 3639 nobis
427 3587 586 3656 operentur
599 3587 629 3638 et
642 3582 773 3658 gloriam.

191 3663 371 3722 Commuaaio
415 3662 526 3738 Magna
540 3667 592 3720 est.

189 3744 428 3802 Poatoouamuraio.

188 3825 309 3894 Praesta,
334 3842 509 3898 quaesumuS,
534 3822 719 3898 omnipotens
743 3830 851 3882 aetemre
875 3826 964 3896 Deus,
989 3830 1025 3882 ut
1049 3824 1127 3901 quod
1154 3824 1190 3883 de
1218 3831 1320 3885 saneto

124 3906 214 3964 altari
236 3911 289 3962 tuo
313 3905 483 3980 accepimus,
505 3904 638 3979 precibus
662 3904 742 3961 beati
765 3906 951 3981 evangelistae
975 3906 1022 3963 tui
1045 3905 1133 3964 Luoae
1157 3907 1321 3967 sanetifiost

124 3988 237 4046 animas
251 3992 373 4055 nostraS,
388 4005 441 4061 per
456 3984 534 4058 quod
548 3985 610 4040 tuti
623 4003 683 4041 esse
697 3986 848 4061 possimus.
892 3986 956 4044 Per.

213 4137 215 4141 ι
257 4164 296 4222 In
318 4163 416 4221 Frsro
437 4177 616 4219 ssuoranun
637 4160 866 4230 anoumnun.
911 4163 982 4239 (xiv.
999 4163 1068 4223 Kal.
1085 4163 1179 4243 Nov.)

186 4289 325 4364 Officium.
369 4285 551 4362 Sapientiam
566 4290 743 4342 sanctorum.

187 4369 295 4427 Oratio.

183 4450 349 4526 Propitiare
372 4448 466 4522 nobis,
488 4467 663 4524 quaesumus,
686 4447 822 4522 Domino,
845 4448 963 4515 famulis
987 4451 1048 4509 tuis
1071 4471 1123 4528 per
1147 4458 1313 4513 sanctorum
