<?xml version="1.0" encoding="UTF-8"?>
<!DOCTYPE html PUBLIC "-//W3C//DTD XHTML 1.0 Transitional//EN"
    "http://www.w3.org/TR/xhtml1/DTD/xhtml1-transitional.dtd">
<html xmlns="http://www.w3.org/1999/xhtml" xml:lang="en" lang="en">
 <head>
  <title>
</title>
<meta http-equiv="Content-Type" content="text/html;charset=utf-8" />
  <meta name='ocr-system' content='tesseract 3.04.00' />
  <meta name='ocr-capabilities' content='ocr_page ocr_carea ocr_par ocr_line ocrx_word'/>
</head>
<body>
  <div class='ocr_page' id='page_1' title='image "./missaleadusumin01churgoog_0108.png"; bbox 0 0 2910 4904; ppageno 0'>
   <div class='ocr_carea' id='block_1_1' title="bbox 531 298 822 383">
    <p class='ocr_par' dir='ltr' id='par_1_1' title="bbox 531 298 822 383">
     <span class='ocr_line' id='line_1_1' title="bbox 531 298 822 383; baseline 0.01 -22"><span class='ocrx_word' id='word_1_1' title='bbox 531 342 532 346; x_wconf 47' lang='lat'><em>=</em></span> <span class='ocrx_word' id='word_1_2' title='bbox 547 298 650 366; x_wconf 78' lang='lat' dir='ltr'>Festo·</span> <span class='ocrx_word' id='word_1_3' title='bbox 663 299 822 383; x_wconf 64' lang='lat' dir='ltr'>Aspasia.</span> 
     </span>
    </p>
   </div>
   <div class='ocr_carea' id='block_1_2' title="bbox 449 464 957 1283">
    <p class='ocr_par' dir='ltr' id='par_1_2' title="bbox 449 464 957 1283">
     <span class='ocr_line' id='line_1_2' title="bbox 450 464 716 541; baseline 0.008 -20"><span class='ocrx_word' id='word_1_4' title='bbox 450 464 496 522; x_wconf 90' lang='lat' dir='ltr'>De</span> <span class='ocrx_word' id='word_1_5' title='bbox 511 467 593 541; x_wconf 87' lang='lat' dir='ltr'>cujus</span> <span class='ocrx_word' id='word_1_6' title='bbox 607 465 716 523; x_wconf 88' lang='lat' dir='ltr'>militia</span> 
     </span>
     <span class='ocr_line' id='line_1_3' title="bbox 449 545 767 622; baseline 0.009 -21"><span class='ocrx_word' id='word_1_7' title='bbox 449 545 542 602; x_wconf 69' lang='lat' dir='ltr'>Caeli*</span> <span class='ocrx_word' id='word_1_8' title='bbox 556 547 664 622; x_wconf 86' lang='lat' dir='ltr'>gaudet</span> <span class='ocrx_word' id='word_1_9' title='bbox 677 547 767 621; x_wconf 86' lang='lat' dir='ltr'>curia,</span> 
     </span>
     <span class='ocr_line' id='line_1_4' title="bbox 450 626 713 695; baseline 0.008 -13"><span class='ocrx_word' id='word_1_10' title='bbox 450 626 527 695; x_wconf 78' lang='lat' dir='ltr'>Quia</span> <span class='ocrx_word' id='word_1_11' title='bbox 540 627 613 684; x_wconf 90' lang='lat' dir='ltr'>vicit</span> <span class='ocrx_word' id='word_1_12' title='bbox 626 628 713 686; x_wconf 90' lang='lat' dir='ltr'>hodie</span> 
     </span>
     <span class='ocr_line' id='line_1_5' title="bbox 489 707 808 785; baseline 0.006 -21"><span class='ocrx_word' id='word_1_13' title='bbox 489 707 646 766; x_wconf 89' lang='lat' dir='ltr'>Ministros</span> <span class='ocrx_word' id='word_1_14' title='bbox 658 709 808 785; x_wconf 86' lang='lat' dir='ltr'>nequitiae.</span> 
     </span>
     <span class='ocr_line' id='line_1_6' title="bbox 450 800 909 879; baseline 0.007 -23"><span class='ocrx_word' id='word_1_15' title='bbox 450 800 498 857; x_wconf 90' lang='lat' dir='ltr'>Ut</span> <span class='ocrx_word' id='word_1_16' title='bbox 510 801 590 858; x_wconf 90' lang='lat' dir='ltr'>hunc</span> <span class='ocrx_word' id='word_1_17' title='bbox 604 821 672 877; x_wconf 82' lang='lat' dir='ltr'>ergo</span> <span class='ocrx_word' id='word_1_18' title='bbox 686 823 738 879; x_wconf 90' lang='lat' dir='ltr'>per</span> <span class='ocrx_word' id='word_1_19' title='bbox 750 809 909 879; x_wconf 82' lang='lat' dir='ltr'>patronum</span> 
     </span>
     <span class='ocr_line' id='line_1_7' title="bbox 450 882 957 957; baseline 0.006 -19"><span class='ocrx_word' id='word_1_20' title='bbox 450 882 671 957; x_wconf 78' lang='lat' dir='ltr'>Consequamur</span> <span class='ocrx_word' id='word_1_21' title='bbox 684 885 754 941; x_wconf 83' lang='lat' dir='ltr'>ritae</span> <span class='ocrx_word' id='word_1_22' title='bbox 768 885 888 954; x_wconf 90' lang='lat' dir='ltr'>donum,</span> <span class='ocrx_word' id='word_1_23' title='bbox 955 886 957 890; x_wconf 61' lang='lat'>&#39;</span> 
     </span>
     <span class='ocr_line' id='line_1_8' title="bbox 449 962 731 1021; baseline 0.011 -3"><span class='ocrx_word' id='word_1_24' title='bbox 449 962 488 1018; x_wconf 93' lang='lat' dir='ltr'>In</span> <span class='ocrx_word' id='word_1_25' title='bbox 502 963 582 1019; x_wconf 90' lang='lat' dir='ltr'>illius</span> <span class='ocrx_word' id='word_1_26' title='bbox 596 964 644 1020; x_wconf 90' lang='lat' dir='ltr'>die</span> <span class='ocrx_word' id='word_1_27' title='bbox 657 964 731 1021; x_wconf 86' lang='lat' dir='ltr'>festo</span> 
     </span>
     <span class='ocr_line' id='line_1_9' title="bbox 489 1044 895 1118; baseline 0.005 -18"><span class='ocrx_word' id='word_1_28' title='bbox 489 1044 603 1101; x_wconf 77' lang='lat' dir='ltr'>Chorus</span> <span class='ocrx_word' id='word_1_29' title='bbox 616 1051 716 1102; x_wconf 88' lang='lat' dir='ltr'>noster</span> <span class='ocrx_word' id='word_1_30' title='bbox 729 1046 815 1103; x_wconf 86' lang='lat' dir='ltr'>laetus</span> <span class='ocrx_word' id='word_1_31' title='bbox 825 1051 895 1118; x_wconf 87' lang='lat' dir='ltr'>esto,</span> 
     </span>
     <span class='ocr_line' id='line_1_10' title="bbox 450 1125 813 1183; baseline 0 -1"><span class='ocrx_word' id='word_1_32' title='bbox 450 1125 472 1182; x_wconf 84' lang='lat' dir='ltr'>J</span> <span class='ocrx_word' id='word_1_33' title='bbox 474 1125 622 1181; x_wconf 89' lang='lat' dir='ltr'>ocundum</span> <span class='ocrx_word' id='word_1_34' title='bbox 635 1126 667 1182; x_wconf 93' lang='lat' dir='ltr'>in</span> <span class='ocrx_word' id='word_1_35' title='bbox 682 1125 813 1183; x_wconf 76' lang='lat' dir='ltr'>Ecclesia</span> 
     </span>
     <span class='ocr_line' id='line_1_11' title="bbox 492 1206 811 1283; baseline 0.003 -20"><span class='ocrx_word' id='word_1_36' title='bbox 492 1206 663 1263; x_wconf 88' lang='lat' dir='ltr'>Decantans</span> <span class='ocrx_word' id='word_1_37' title='bbox 677 1207 811 1283; x_wconf 79' lang='lat' dir='ltr'>alleluya.</span> 
     </span>
    </p>
   </div>
   <div class='ocr_carea' id='block_1_3' title="bbox 86 1321 1290 1832">
    <p class='ocr_par' dir='ltr' id='par_1_3' title="bbox 146 1321 763 1403">
     <span class='ocr_line' id='line_1_12' title="bbox 146 1321 763 1403; baseline 0.006 -23"><span class='ocrx_word' id='word_1_38' title='bbox 146 1324 348 1399; x_wconf 71' lang='lat' dir='ltr'>anrtpelium.</span> <span class='ocrx_word' id='word_1_39' title='bbox 375 1321 461 1383; x_wconf 70' lang='lat' dir='ltr'>‘Nisi</span> <span class='ocrx_word' id='word_1_40' title='bbox 474 1347 599 1403; x_wconf 86' lang='lat' dir='ltr'>granum</span> <span class='ocrx_word' id='word_1_41' title='bbox 612 1329 763 1385; x_wconf 86' lang='lat' dir='ltr'>frumenti.</span> 
     </span>
    </p>

    <p class='ocr_par' dir='ltr' id='par_1_4' title="bbox 153 1417 346 1491">
     <span class='ocr_line' id='line_1_13' title="bbox 153 1417 346 1491; baseline 0.005 -16"><span class='ocrx_word' id='word_1_42' title='bbox 153 1417 346 1491; x_wconf 73' lang='lat' dir='ltr'>Offirtorivsm.</span> 
     </span>
    </p>

    <p class='ocr_par' dir='ltr' id='par_1_5' title="bbox 86 1496 1290 1657">
     <span class='ocr_line' id='line_1_14' title="bbox 148 1496 1290 1580; baseline 0.004 -26"><span class='ocrx_word' id='word_1_43' title='bbox 148 1496 299 1556; x_wconf 77' lang='lat' dir='ltr'>Confessio</span> <span class='ocrx_word' id='word_1_44' title='bbox 313 1508 343 1556; x_wconf 89' lang='lat' dir='ltr'>et</span> <span class='ocrx_word' id='word_1_45' title='bbox 357 1501 525 1576; x_wconf 72' lang='lat' dir='ltr'>pulcritudo</span> <span class='ocrx_word' id='word_1_46' title='bbox 545 1503 578 1559; x_wconf 90' lang='lat' dir='ltr'>in</span> <span class='ocrx_word' id='word_1_47' title='bbox 598 1508 756 1580; x_wconf 89' lang='lat' dir='ltr'>conspectu</span> <span class='ocrx_word' id='word_1_48' title='bbox 770 1503 851 1578; x_wconf 83' lang='lat' dir='ltr'>ejus:</span> <span class='ocrx_word' id='word_1_49' title='bbox 872 1501 1013 1559; x_wconf 70' lang='lat' dir='ltr'>sanctitas</span> <span class='ocrx_word' id='word_1_50' title='bbox 1027 1505 1057 1558; x_wconf 89' lang='lat' dir='ltr'>et</span> <span class='ocrx_word' id='word_1_51' title='bbox 1071 1500 1290 1576; x_wconf 74' lang='lat' dir='ltr'>magnificentia</span> 
     </span>
     <span class='ocr_line' id='line_1_15' title="bbox 86 1579 451 1657; baseline 0.011 -21"><span class='ocrx_word' id='word_1_52' title='bbox 86 1579 120 1636; x_wconf 92' lang='lat' dir='ltr'>in</span> <span class='ocrx_word' id='word_1_53' title='bbox 133 1581 367 1638; x_wconf 83' lang='lat' dir='ltr'>sanctificatione</span> <span class='ocrx_word' id='word_1_54' title='bbox 381 1584 451 1657; x_wconf 87' lang='lat' dir='ltr'>ejus.</span> 
     </span>
    </p>

    <p class='ocr_par' dir='ltr' id='par_1_6' title="bbox 149 1672 271 1731">
     <span class='ocr_line' id='line_1_16' title="bbox 149 1672 271 1731; baseline 0.008 -1"><span class='ocrx_word' id='word_1_55' title='bbox 149 1672 271 1731; x_wconf 80' lang='lat' dir='ltr'>Secreta.</span> 
     </span>
    </p>

    <p class='ocr_par' dir='ltr' id='par_1_7' title="bbox 149 1755 1290 1832">
     <span class='ocr_line' id='line_1_17' title="bbox 149 1755 1290 1832; baseline 0.001 -22"><span class='ocrx_word' id='word_1_56' title='bbox 149 1755 272 1829; x_wconf 89' lang='lat' dir='ltr'>Accipe,</span> <span class='ocrx_word' id='word_1_57' title='bbox 301 1775 475 1830; x_wconf 88' lang='lat' dir='ltr'>quaesumus,</span> <span class='ocrx_word' id='word_1_58' title='bbox 506 1756 643 1830; x_wconf 87' lang='lat' dir='ltr'>Domine,</span> <span class='ocrx_word' id='word_1_59' title='bbox 672 1776 796 1814; x_wconf 90' lang='lat' dir='ltr'>munera</span> <span class='ocrx_word' id='word_1_60' title='bbox 823 1757 981 1832; x_wconf 75' lang='lat' dir='ltr'>dignanter</span> <span class='ocrx_word' id='word_1_61' title='bbox 1015 1755 1123 1828; x_wconf 83' lang='lat' dir='ltr'>oblata,</span> <span class='ocrx_word' id='word_1_62' title='bbox 1153 1760 1183 1812; x_wconf 90' lang='lat' dir='ltr'>et</span> <span class='ocrx_word' id='word_1_63' title='bbox 1209 1755 1290 1812; x_wconf 88' lang='lat' dir='ltr'>beati</span> 
     </span>
    </p>
   </div>
   <div class='ocr_carea' id='block_1_4' title="bbox 87 1835 1291 1976">
    <p class='ocr_par' dir='ltr' id='par_1_8' title="bbox 87 1835 1291 1976">
     <span class='ocr_line' id='line_1_18' title="bbox 87 1835 1291 1913; baseline 0 -21"><span class='ocrx_word' id='word_1_64' title='bbox 87 1835 245 1892; x_wconf 86' lang='lat' dir='ltr'>Laurentii</span> <span class='ocrx_word' id='word_1_65' title='bbox 269 1837 498 1913; x_wconf 84' lang='lat' dir='ltr'>suffragantibus</span> <span class='ocrx_word' id='word_1_66' title='bbox 516 1838 631 1896; x_wconf 90' lang='lat' dir='ltr'>meritis</span> <span class='ocrx_word' id='word_1_67' title='bbox 652 1839 690 1895; x_wconf 89' lang='lat' dir='ltr'>ad</span> <span class='ocrx_word' id='word_1_68' title='bbox 713 1844 820 1895; x_wconf 88' lang='lat' dir='ltr'>nostrae</span> <span class='ocrx_word' id='word_1_69' title='bbox 842 1837 946 1894; x_wconf 90' lang='lat' dir='ltr'>salutis</span> <span class='ocrx_word' id='word_1_70' title='bbox 967 1836 1115 1894; x_wconf 86' lang='lat' dir='ltr'>auxilium</span> <span class='ocrx_word' id='word_1_71' title='bbox 1135 1837 1291 1913; x_wconf 85' lang='lat' dir='ltr'>provenire</span> 
     </span>
     <span class='ocr_line' id='line_1_19' title="bbox 88 1917 510 1976; baseline 0.009 -4"><span class='ocrx_word' id='word_1_72' title='bbox 88 1917 222 1973; x_wconf 88' lang='lat' dir='ltr'>concede.</span> <span class='ocrx_word' id='word_1_73' title='bbox 266 1917 325 1974; x_wconf 91' lang='lat' dir='ltr'>Per</span> <span class='ocrx_word' id='word_1_74' title='bbox 338 1919 510 1976; x_wconf 90' lang='lat' dir='ltr'>Dominum.</span> 
     </span>
    </p>
   </div>
   <div class='ocr_carea' id='block_1_5' title="bbox 151 2008 695 2080">
    <p class='ocr_par' dir='ltr' id='par_1_9' title="bbox 151 2008 695 2080">
     <span class='ocr_line' id='line_1_20' title="bbox 151 2008 695 2080; baseline 0.004 -14"><span class='ocrx_word' id='word_1_75' title='bbox 151 2008 331 2070; x_wconf 79' lang='lat' dir='ltr'>Communia</span> <span class='ocrx_word' id='word_1_76' title='bbox 376 2011 436 2080; x_wconf 78' lang='lat' dir='ltr'>Qui</span> <span class='ocrx_word' id='word_1_77' title='bbox 449 2012 524 2068; x_wconf 90' lang='lat' dir='ltr'>mihi</span> <span class='ocrx_word' id='word_1_78' title='bbox 537 2012 695 2069; x_wconf 90' lang='lat' dir='ltr'>ministrat.</span> 
     </span>
    </p>
   </div>
   <div class='ocr_carea' id='block_1_6' title="bbox 87 2101 1291 2422">
    <p class='ocr_par' dir='ltr' id='par_1_10' title="bbox 151 2101 393 2161">
     <span class='ocr_line' id='line_1_21' title="bbox 151 2101 393 2161; baseline 0.017 -4"><span class='ocrx_word' id='word_1_79' title='bbox 151 2101 393 2161; x_wconf 77' lang='lat' dir='ltr'>Poctoommaaio.</span> 
     </span>
    </p>

    <p class='ocr_par' dir='ltr' id='par_1_11' title="bbox 87 2181 1291 2422">
     <span class='ocr_line' id='line_1_22' title="bbox 151 2181 1291 2260; baseline 0.003 -22"><span class='ocrx_word' id='word_1_80' title='bbox 151 2181 239 2239; x_wconf 85' lang='lat' dir='ltr'>Sacro</span> <span class='ocrx_word' id='word_1_81' title='bbox 264 2204 385 2242; x_wconf 85' lang='lat' dir='ltr'>munere</span> <span class='ocrx_word' id='word_1_82' title='bbox 409 2185 517 2255; x_wconf 87' lang='lat' dir='ltr'>satiati,</span> <span class='ocrx_word' id='word_1_83' title='bbox 536 2185 681 2260; x_wconf 88' lang='lat' dir='ltr'>supplices</span> <span class='ocrx_word' id='word_1_84' title='bbox 705 2190 744 2256; x_wconf 88' lang='lat' dir='ltr'>te,</span> <span class='ocrx_word' id='word_1_85' title='bbox 767 2185 902 2256; x_wconf 89' lang='lat' dir='ltr'>Domine,</span> <span class='ocrx_word' id='word_1_86' title='bbox 925 2185 1124 2260; x_wconf 87' lang='lat' dir='ltr'>deprecamur,</span> <span class='ocrx_word' id='word_1_87' title='bbox 1153 2189 1188 2240; x_wconf 89' lang='lat' dir='ltr'>ut</span> <span class='ocrx_word' id='word_1_88' title='bbox 1212 2185 1291 2259; x_wconf 88' lang='lat' dir='ltr'>quod</span> 
     </span>
     <span class='ocr_line' id='line_1_23' title="bbox 88 2262 1291 2336; baseline 0.003 -18"><span class='ocrx_word' id='word_1_89' title='bbox 88 2262 197 2320; x_wconf 87' lang='lat' dir='ltr'>debitae</span> <span class='ocrx_word' id='word_1_90' title='bbox 232 2267 384 2322; x_wconf 87' lang='lat' dir='ltr'>servitutis</span> <span class='ocrx_word' id='word_1_91' title='bbox 418 2266 596 2322; x_wconf 84' lang='lat' dir='ltr'>celebramus</span> <span class='ocrx_word' id='word_1_92' title='bbox 634 2267 736 2336; x_wconf 90' lang='lat' dir='ltr'>officio,</span> <span class='ocrx_word' id='word_1_93' title='bbox 773 2265 974 2322; x_wconf 76' lang='lat' dir='ltr'>intercedente</span> <span class='ocrx_word' id='word_1_94' title='bbox 1007 2267 1094 2322; x_wconf 88' lang='lat' dir='ltr'>beato</span> <span class='ocrx_word' id='word_1_95' title='bbox 1129 2264 1291 2322; x_wconf 89' lang='lat' dir='ltr'>Laurentio</span> 
     </span>
     <span class='ocr_line' id='line_1_24' title="bbox 87 2345 1101 2422; baseline 0.002 -23"><span class='ocrx_word' id='word_1_96' title='bbox 87 2351 221 2419; x_wconf 84' lang='lat' dir='ltr'>martyre</span> <span class='ocrx_word' id='word_1_97' title='bbox 234 2352 296 2418; x_wconf 90' lang='lat' dir='ltr'>tuo,</span> <span class='ocrx_word' id='word_1_98' title='bbox 313 2348 484 2403; x_wconf 78' lang='lat' dir='ltr'>salvationis</span> <span class='ocrx_word' id='word_1_99' title='bbox 498 2353 557 2403; x_wconf 90' lang='lat' dir='ltr'>tuae</span> <span class='ocrx_word' id='word_1_100' title='bbox 572 2347 733 2403; x_wconf 87' lang='lat' dir='ltr'>sentiamus</span> <span class='ocrx_word' id='word_1_101' title='bbox 747 2353 947 2422; x_wconf 84' lang='lat' dir='ltr'>augmentum.</span> <span class='ocrx_word' id='word_1_102' title='bbox 991 2345 1057 2403; x_wconf 91' lang='lat' dir='ltr'>Per.</span> <span class='ocrx_word' id='word_1_103' title='bbox 1099 2370 1101 2375; x_wconf 52' lang='lat'><strong><em>⁴</em></strong></span> 
     </span>
    </p>
   </div>
   <div class='ocr_carea' id='block_1_7' title="bbox 324 2585 1059 2663">
    <p class='ocr_par' dir='ltr' id='par_1_12' title="bbox 324 2585 1059 2663">
     <span class='ocr_line' id='line_1_25' title="bbox 324 2585 1059 2663; baseline 0 -21"><span class='ocrx_word' id='word_1_104' title='bbox 324 2585 436 2642; x_wconf 80' lang='lat' dir='ltr'>Sancrr</span> <span class='ocrx_word' id='word_1_105' title='bbox 456 2586 608 2658; x_wconf 80' lang='lat' dir='ltr'>Trnunru,</span> <span class='ocrx_word' id='word_1_106' title='bbox 630 2603 791 2643; x_wconf 73' lang='lat' dir='ltr'>massanis.</span> <span class='ocrx_word' id='word_1_107' title='bbox 836 2585 888 2662; x_wconf 85' lang='lat' dir='ltr'>(iii.</span> <span class='ocrx_word' id='word_1_108' title='bbox 905 2587 950 2643; x_wconf 93' lang='lat' dir='ltr'>Id.</span> <span class='ocrx_word' id='word_1_109' title='bbox 967 2585 1059 2663; x_wconf 84' lang='lat' dir='ltr'>Aug.)</span> 
     </span>
    </p>
   </div>
   <div class='ocr_carea' id='block_1_8' title="bbox 158 2721 622 2801">
    <p class='ocr_par' dir='ltr' id='par_1_13' title="bbox 158 2721 622 2801">
     <span class='ocr_line' id='line_1_26' title="bbox 158 2721 622 2801; baseline 0.002 -20"><span class='ocrx_word' id='word_1_110' title='bbox 158 2721 296 2796; x_wconf 78' lang='lat' dir='ltr'>Officium.</span> <span class='ocrx_word' id='word_1_111' title='bbox 339 2725 361 2782; x_wconf 86' lang='lat' dir='ltr'><strong>J</strong></span> <span class='ocrx_word' id='word_1_112' title='bbox 363 2731 454 2797; x_wconf 89' lang='lat' dir='ltr'>ustus,</span> <span class='ocrx_word' id='word_1_113' title='bbox 469 2732 505 2781; x_wconf 82' lang='lat' dir='ltr'>ut</span> <span class='ocrx_word' id='word_1_114' title='bbox 518 2726 622 2801; x_wconf 89' lang='lat' dir='ltr'>palma.</span> 
     </span>
    </p>
   </div>
   <div class='ocr_carea' id='block_1_9' title="bbox 154 2816 1292 2975">
    <p class='ocr_par' dir='ltr' id='par_1_14' title="bbox 154 2816 1292 2975">
     <span class='ocr_line' id='line_1_27' title="bbox 199 2816 266 2872; baseline 0 0"><span class='ocrx_word' id='word_1_115' title='bbox 199 2816 243 2872; x_wconf 84' lang='lat' dir='ltr'>ati</span> <span class='ocrx_word' id='word_1_116' title='bbox 261 2860 266 2872; x_wconf 95' lang='lat'>.</span> 
     </span>
     <span class='ocr_line' id='line_1_28' title="bbox 154 2817 1292 2975; baseline 0.004 -23"><span class='ocrx_word' id='word_1_117' title='bbox 154 2817 384 2954; x_wconf 59' lang='lat' dir='ltr'>giatioTiburtii</span> <span class='ocrx_word' id='word_1_118' title='bbox 398 2899 537 2974; x_wconf 85' lang='lat' dir='ltr'>martyris</span> <span class='ocrx_word' id='word_1_119' title='bbox 547 2900 594 2955; x_wconf 92' lang='lat' dir='ltr'>tui</span> <span class='ocrx_word' id='word_1_120' title='bbox 603 2919 666 2972; x_wconf 90' lang='lat' dir='ltr'>nos,</span> <span class='ocrx_word' id='word_1_121' title='bbox 679 2898 816 2972; x_wconf 90' lang='lat' dir='ltr'>Domine,</span> <span class='ocrx_word' id='word_1_122' title='bbox 828 2898 947 2956; x_wconf 85' lang='lat' dir='ltr'>foveant</span> <span class='ocrx_word' id='word_1_123' title='bbox 962 2898 1135 2956; x_wconf 89' lang='lat' dir='ltr'>continuata</span> <span class='ocrx_word' id='word_1_124' title='bbox 1148 2900 1292 2975; x_wconf 87' lang='lat' dir='ltr'>praesidia,</span> 
     </span>
    </p>
   </div>
   <div class='ocr_carea' id='block_1_10' title="bbox 91 2977 1293 3587">
    <p class='ocr_par' dir='ltr' id='par_1_15' title="bbox 91 2977 1293 3587">
     <span class='ocr_line' id='line_1_29' title="bbox 91 2977 1293 3056; baseline 0.006 -24"><span class='ocrx_word' id='word_1_125' title='bbox 91 2977 164 3053; x_wconf 88' lang='lat' dir='ltr'>quia</span> <span class='ocrx_word' id='word_1_126' title='bbox 190 2997 251 3033; x_wconf 92' lang='lat' dir='ltr'>non</span> <span class='ocrx_word' id='word_1_127' title='bbox 278 2979 386 3035; x_wconf 88' lang='lat' dir='ltr'>desinis</span> <span class='ocrx_word' id='word_1_128' title='bbox 414 2980 559 3055; x_wconf 90' lang='lat' dir='ltr'>propitius</span> <span class='ocrx_word' id='word_1_129' title='bbox 586 2981 706 3055; x_wconf 88' lang='lat' dir='ltr'>intueri,</span> <span class='ocrx_word' id='word_1_130' title='bbox 736 3000 809 3056; x_wconf 86' lang='lat' dir='ltr'>quos</span> <span class='ocrx_word' id='word_1_131' title='bbox 836 2980 946 3037; x_wconf 87' lang='lat' dir='ltr'>talibus</span> <span class='ocrx_word' id='word_1_132' title='bbox 973 2980 1092 3038; x_wconf 86' lang='lat' dir='ltr'>auxiliis</span> <span class='ocrx_word' id='word_1_133' title='bbox 1120 2982 1293 3039; x_wconf 82' lang='lat' dir='ltr'>concesseris</span> 
     </span>
     <span class='ocr_line' id='line_1_30' title="bbox 91 3058 673 3134; baseline 0.005 -19"><span class='ocrx_word' id='word_1_134' title='bbox 91 3059 236 3134; x_wconf 83' lang='lat' dir='ltr'>adjurari.</span> <span class='ocrx_word' id='word_1_135' title='bbox 280 3058 339 3115; x_wconf 90' lang='lat' dir='ltr'>Per</span> <span class='ocrx_word' id='word_1_136' title='bbox 352 3060 517 3117; x_wconf 91' lang='lat' dir='ltr'>Dominum</span> <span class='ocrx_word' id='word_1_137' title='bbox 530 3068 673 3118; x_wconf 92' lang='lat' dir='ltr'>nostrum.</span> 
     </span>
     <span class='ocr_line' id='line_1_31' title="bbox 155 3151 605 3227; baseline 0.009 -20"><span class='ocrx_word' id='word_1_138' title='bbox 155 3151 297 3227; x_wconf 81' lang='lat' dir='ltr'>Epistola.</span> <span class='ocrx_word' id='word_1_139' title='bbox 341 3154 493 3211; x_wconf 88' lang='lat' dir='ltr'>Doctrinis</span> <span class='ocrx_word' id='word_1_140' title='bbox 506 3155 605 3212; x_wconf 80' lang='lat' dir='ltr'>variis,</span> 
     </span>
     <span class='ocr_line' id='line_1_32' title="bbox 158 3245 473 3322; baseline 0.006 -20"><span class='ocrx_word' id='word_1_141' title='bbox 158 3245 292 3303; x_wconf 76' lang='lat' dir='ltr'>Gradal.</span> <span class='ocrx_word' id='word_1_142' title='bbox 337 3247 378 3303; x_wconf 89' lang='lat' dir='ltr'>Os</span> <span class='ocrx_word' id='word_1_143' title='bbox 388 3248 473 3322; x_wconf 86' lang='lat' dir='ltr'>justi.</span> 
     </span>
     <span class='ocr_line' id='line_1_33' title="bbox 156 3327 696 3403; baseline 0.006 -20"><span class='ocrx_word' id='word_1_144' title='bbox 156 3327 303 3403; x_wconf 81' lang='lat' dir='ltr'>Alleluya.</span> <span class='ocrx_word' id='word_1_145' title='bbox 355 3329 383 3385; x_wconf 82' lang='lat' dir='ltr'>V.</span> <span class='ocrx_word' id='word_1_146' title='bbox 407 3328 545 3401; x_wconf 87' lang='lat' dir='ltr'>Posuisti,</span> <span class='ocrx_word' id='word_1_147' title='bbox 561 3328 696 3386; x_wconf 87' lang='lat' dir='ltr'>Domine.</span> 
     </span>
     <span class='ocr_line' id='line_1_34' title="bbox 155 3420 1123 3498; baseline 0.004 -22"><span class='ocrx_word' id='word_1_148' title='bbox 155 3420 355 3494; x_wconf 79' lang='lat' dir='ltr'>annpaliam.</span> <span class='ocrx_word' id='word_1_149' title='bbox 399 3421 566 3480; x_wconf 77' lang='lat' dir='ltr'>Secundam</span> <span class='ocrx_word' id='word_1_150' title='bbox 580 3422 762 3479; x_wconf 76' lang='lat' dir='ltr'>Mattlraeam.</span> <span class='ocrx_word' id='word_1_151' title='bbox 807 3421 839 3479; x_wconf 80' lang='lat' dir='ltr'>Si</span> <span class='ocrx_word' id='word_1_152' title='bbox 853 3422 919 3498; x_wconf 91' lang='lat' dir='ltr'>quis</span> <span class='ocrx_word' id='word_1_153' title='bbox 933 3420 1000 3478; x_wconf 84' lang='lat' dir='ltr'>vult</span> <span class='ocrx_word' id='word_1_154' title='bbox 1013 3422 1123 3480; x_wconf 81' lang='lat' dir='ltr'>venire.</span> 
     </span>
     <span class='ocr_line' id='line_1_35' title="bbox 162 3513 638 3587; baseline 0.002 -16"><span class='ocrx_word' id='word_1_155' title='bbox 162 3513 355 3587; x_wconf 73' lang='lat' dir='ltr'>offertorium.</span> <span class='ocrx_word' id='word_1_156' title='bbox 399 3514 437 3571; x_wconf 88' lang='lat' dir='ltr'>In</span> <span class='ocrx_word' id='word_1_157' title='bbox 451 3515 565 3572; x_wconf 84' lang='lat' dir='ltr'>virtute</span> <span class='ocrx_word' id='word_1_158' title='bbox 579 3521 638 3579; x_wconf 81' lang='lat' dir='ltr'>tua.</span> 
     </span>
    </p>
   </div>
   <div class='ocr_carea' id='block_1_11' title="bbox 92 3607 1296 3907">
    <p class='ocr_par' dir='ltr' id='par_1_16' title="bbox 92 3607 1296 3907">
     <span class='ocr_line' id='line_1_36' title="bbox 155 3607 1295 3766; baseline 0.003 -22"><span class='ocrx_word' id='word_1_159' title='bbox 155 3607 282 3758; x_wconf 47' lang='lat' dir='ltr'>{ilem</span> <span class='ocrx_word' id='word_1_160' title='bbox 295 3688 422 3745; x_wconf 90' lang='lat' dir='ltr'>Domine</span> <span class='ocrx_word' id='word_1_161' title='bbox 436 3689 571 3764; x_wconf 89' lang='lat' dir='ltr'>precibus</span> <span class='ocrx_word' id='word_1_162' title='bbox 585 3689 687 3765; x_wconf 93' lang='lat' dir='ltr'>populi</span> <span class='ocrx_word' id='word_1_163' title='bbox 701 3689 755 3757; x_wconf 88' lang='lat' dir='ltr'>tui,</span> <span class='ocrx_word' id='word_1_164' title='bbox 769 3688 870 3745; x_wconf 82' lang='lat' dir='ltr'>adesto</span> <span class='ocrx_word' id='word_1_165' title='bbox 884 3688 1064 3762; x_wconf 88' lang='lat' dir='ltr'>muneribus,</span> <span class='ocrx_word' id='word_1_166' title='bbox 1076 3694 1112 3746; x_wconf 87' lang='lat' dir='ltr'>ut</span> <span class='ocrx_word' id='word_1_167' title='bbox 1126 3709 1191 3766; x_wconf 86' lang='lat' dir='ltr'>quae</span> <span class='ocrx_word' id='word_1_168' title='bbox 1205 3691 1295 3747; x_wconf 90' lang='lat' dir='ltr'>sacris</span> 
     </span>
     <span class='ocr_line' id='line_1_37' title="bbox 92 3769 1296 3907; baseline 0.002 -82"><span class='ocrx_word' id='word_1_169' title='bbox 92 3775 163 3907; x_wconf 66' lang='lat' dir='ltr'>slpnt</span> <span class='ocrx_word' id='word_1_170' title='bbox 177 3769 277 3862; x_wconf 81' lang='lat' dir='ltr'>oblata</span> <span class='ocrx_word' id='word_1_171' title='bbox 290 3770 447 3844; x_wconf 80' lang='lat' dir='ltr'>mysteriis,</span> <span class='ocrx_word' id='word_1_172' title='bbox 463 3776 583 3826; x_wconf 89' lang='lat' dir='ltr'>tuorum</span> <span class='ocrx_word' id='word_1_173' title='bbox 597 3771 654 3828; x_wconf 90' lang='lat' dir='ltr'>tibi</span> <span class='ocrx_word' id='word_1_174' title='bbox 663 3771 798 3846; x_wconf 89' lang='lat' dir='ltr'>placeant</span> <span class='ocrx_word' id='word_1_175' title='bbox 811 3769 1018 3827; x_wconf 89' lang='lat' dir='ltr'>intercessione</span> <span class='ocrx_word' id='word_1_176' title='bbox 1032 3777 1207 3828; x_wconf 88' lang='lat' dir='ltr'>sanctorum.</span> <span class='ocrx_word' id='word_1_177' title='bbox 1237 3772 1296 3828; x_wconf 92' lang='lat' dir='ltr'>Per</span> 
     </span>
     <span class='ocr_line' id='line_1_38' title="bbox 127 3870 267 3906; baseline -0.007 0"><span class='ocrx_word' id='word_1_178' title='bbox 127 3870 267 3906; x_wconf 91' lang='lat' dir='ltr'>ommum.</span> 
     </span>
    </p>
   </div>
   <div class='ocr_carea' id='block_1_12' title="bbox 159 3943 522 4001">
    <p class='ocr_par' dir='ltr' id='par_1_17' title="bbox 159 3943 522 4001">
     <span class='ocr_line' id='line_1_39' title="bbox 159 3943 522 4001; baseline -0.003 0"><span class='ocrx_word' id='word_1_179' title='bbox 159 3943 341 4001; x_wconf 75' lang='lat' dir='ltr'>Communia</span> <span class='ocrx_word' id='word_1_180' title='bbox 384 3943 522 4000; x_wconf 86' lang='lat' dir='ltr'>Posuisti.</span> 
     </span>
    </p>
   </div>
   <div class='ocr_carea' id='block_1_13' title="bbox 95 4037 1297 4357">
    <p class='ocr_par' dir='ltr' id='par_1_18' title="bbox 158 4037 401 4094">
     <span class='ocr_line' id='line_1_40' title="bbox 158 4037 401 4094; baseline 0.004 -1"><span class='ocrx_word' id='word_1_181' title='bbox 158 4037 401 4094; x_wconf 75' lang='lat' dir='ltr'>Postcomoaunio.</span> 
     </span>
    </p>

    <p class='ocr_par' dir='ltr' id='par_1_19' title="bbox 95 4117 1297 4357">
     <span class='ocr_line' id='line_1_41' title="bbox 157 4117 1293 4193; baseline 0 -18"><span class='ocrx_word' id='word_1_182' title='bbox 157 4118 350 4193; x_wconf 84' lang='lat' dir='ltr'>Sumpsimus,</span> <span class='ocrx_word' id='word_1_183' title='bbox 366 4118 501 4189; x_wconf 90' lang='lat' dir='ltr'>Domine,</span> <span class='ocrx_word' id='word_1_184' title='bbox 518 4117 625 4193; x_wconf 83' lang='lat' dir='ltr'>pignus</span> <span class='ocrx_word' id='word_1_185' title='bbox 638 4117 848 4193; x_wconf 88' lang='lat' dir='ltr'>redemptionis</span> <span class='ocrx_word' id='word_1_186' title='bbox 863 4122 979 4174; x_wconf 77' lang='lat' dir='ltr'>aeternae</span> <span class='ocrx_word' id='word_1_187' title='bbox 993 4117 1033 4175; x_wconf 85' lang='lat' dir='ltr'>sit</span> <span class='ocrx_word' id='word_1_188' title='bbox 1046 4118 1140 4190; x_wconf 85' lang='lat' dir='ltr'>nobis,</span> <span class='ocrx_word' id='word_1_189' title='bbox 1157 4119 1293 4192; x_wconf 79' lang='lat' dir='ltr'>Domine,</span> 
     </span>
     <span class='ocr_line' id='line_1_42' title="bbox 95 4199 1297 4276; baseline 0.002 -21"><span class='ocrx_word' id='word_1_190' title='bbox 95 4219 270 4275; x_wconf 86' lang='lat' dir='ltr'>quaesumus,</span> <span class='ocrx_word' id='word_1_191' title='bbox 292 4200 509 4256; x_wconf 81' lang='lat' dir='ltr'>interveniente</span> <span class='ocrx_word' id='word_1_192' title='bbox 536 4200 622 4255; x_wconf 88' lang='lat' dir='ltr'>beato</span> <span class='ocrx_word' id='word_1_193' title='bbox 649 4199 785 4254; x_wconf 84' lang='lat' dir='ltr'>Tiburtio</span> <span class='ocrx_word' id='word_1_194' title='bbox 809 4205 940 4274; x_wconf 88' lang='lat' dir='ltr'>martyre</span> <span class='ocrx_word' id='word_1_195' title='bbox 966 4204 1028 4272; x_wconf 82' lang='lat' dir='ltr'>tue,</span> <span class='ocrx_word' id='word_1_196' title='bbox 1049 4199 1120 4256; x_wconf 87' lang='lat' dir='ltr'>vitae</span> <span class='ocrx_word' id='word_1_197' title='bbox 1144 4202 1297 4276; x_wconf 85' lang='lat' dir='ltr'>praesentis</span> 
     </span>
     <span class='ocr_line' id='line_1_43' title="bbox 98 4279 827 4357; baseline -0.003 -20"><span class='ocrx_word' id='word_1_198' title='bbox 98 4281 242 4338; x_wconf 85' lang='lat' dir='ltr'>auxilium</span> <span class='ocrx_word' id='word_1_199' title='bbox 256 4281 369 4357; x_wconf 90' lang='lat' dir='ltr'>pariter</span> <span class='ocrx_word' id='word_1_200' title='bbox 382 4287 412 4338; x_wconf 91' lang='lat' dir='ltr'>et</span> <span class='ocrx_word' id='word_1_201' title='bbox 425 4281 540 4337; x_wconf 82' lang='lat' dir='ltr'>futurae.</span> <span class='ocrx_word' id='word_1_202' title='bbox 569 4314 571 4317; x_wconf 81' lang='lat'>.</span> <span class='ocrx_word' id='word_1_203' title='bbox 584 4279 643 4336; x_wconf 89' lang='lat' dir='ltr'>Per</span> <span class='ocrx_word' id='word_1_204' title='bbox 657 4279 827 4336; x_wconf 90' lang='lat' dir='ltr'>Dominum.</span> 
     </span>
    </p>
   </div>
   <div class='ocr_carea' id='block_1_14' title="bbox 499 4433 890 4482">
    <p class='ocr_par' dir='ltr' id='par_1_20' title="bbox 499 4433 890 4482">
     <span class='ocr_line' id='line_1_44' title="bbox 499 4433 890 4482; baseline -0.005 0"><span class='ocrx_word' id='word_1_205' title='bbox 499 4437 511 4461; x_wconf 75' lang='lat'>*</span> <span class='ocrx_word' id='word_1_206' title='bbox 528 4435 568 4482; x_wconf 82' lang='lat' dir='ltr'>Sic</span> <span class='ocrx_word' id='word_1_207' title='bbox 578 4435 650 4481; x_wconf 80' lang='lat' dir='ltr'>MSS.</span> <span class='ocrx_word' id='word_1_208' title='bbox 682 4433 890 4482; x_wconf 80' lang='lat' dir='ltr'>Edd-Oaelestis</span> 
     </span>
    </p>
   </div>
   <div class='ocr_carea' id='block_1_15' title="bbox 0 0 1466 4904">
    <p class='ocr_par' dir='ltr' id='par_1_21' title="bbox 0 0 1466 4904">
     <span class='ocr_line' id='line_1_45' title="bbox 0 0 1466 4904; baseline 0 0"><span class='ocrx_word' id='word_1_209' title='bbox 0 0 1466 4904; x_wconf 95' lang='lat' dir='ltr'> </span> 
     </span>
    </p>
   </div>
  </div>
 </body>
</html>
