2866 4906
634 321 769 406 Kyries.
1239 329 1302 393 249

218 485 389 544 Theoricam
403 487 621 564 practicamque
634 489 729 546 vitam
742 507 845 563 regens
859 488 942 548 Deus
957 490 1057 562 Pater,
1073 492 1200 568 eleyson.

218 566 389 643 Veniteque
404 568 550 641 Christus,
566 570 661 645 quies
675 568 761 627 Petri
775 589 869 642 carus,
885 571 1012 648 eleyson.

218 647 406 725 spiritusque
419 648 578 722 Paraolite,
592 650 663 708 hinc
676 650 762 708 nobis
776 651 981 727 psallentibus,
998 652 1126 729 eleyson.

216 729 340 786 Vindex
354 750 384 787 es
397 731 450 806 qui
462 731 535 788 mali
549 738 579 788 et
592 730 716 807 largitor
727 732 809 804 boni,
824 732 952 808 eleyson.

216 808 321 886 Tuque
335 811 469 886 quicum
483 811 574 870 Patre
587 831 693 870 vernas
707 819 822 884 cuncta,
838 813 967 884 Christe,
983 815 1111 891 eleyson.

217 890 290 948 Caeli
304 890 330 948 Ο
344 892 514 968 plasmator,
530 898 562 950 et
574 899 661 951 terrae
675 899 710 950 tu
724 894 827 965 factor,
843 894 969 969 eleyson.

216 970 273 1028 Eia
286 992 365 1030 nunc
379 973 554 1031 catervatim
568 974 659 1032 dicite
672 975 765 1045 nobie,
781 973 908 1048 Christe,
924 976 1052 1052 eleyson.

216 1052 257 1109 Et
271 1052 336 1110 Deo
349 1053 516 1130 placeamus
529 1074 584 1112 nos
597 1055 684 1112 modo
699 1061 846 1126 canentes,
862 1057 989 1133 eleyson.

217 1133 331 1191 Caelieis
345 1135 499 1211 suffragari
512 1136 628 1210 gaudiis
642 1142 771 1193 aestuans
785 1136 869 1213 plebs
884 1137 1057 1214 proclamet,

216 1213 263 1271 Ut
276 1215 337 1272 suis
350 1215 465 1273 delictis
478 1216 631 1293 indulgeat
645 1217 728 1275 Deus
742 1216 801 1275 Dei
813 1219 941 1295 genitus,

216 1295 257 1368 Et
270 1302 306 1353 ut
319 1302 409 1374 queat
423 1297 487 1355 ceeli
499 1298 608 1373 gaudie
621 1295 752 1374 adipisci,
769 1298 848 1356 dicat
861 1299 991 1376 eleyson.

647 1467 742 1526 XIX.

475 1574 594 1644 Krnrs,
617 1574 688 1631 Rrx
709 1590 845 1634 semron
867 1575 921 1653 (2).

215 1680 321 1756 Kyrie,
335 1700 389 1738 rex
402 1681 520 1758 genitor
533 1681 675 1758 ingenite,
690 1701 761 1740 vera
773 1683 907 1754 essentia,
924 1682 1050 1759 eleyson.

214 1761 320 1836 Kyrie,
335 1760 458 1819 luminis
470 1762 537 1819 fons
551 1768 582 1820 et
595 1782 695 1819 rerum
709 1762 853 1834 conditor,
869 1763 996 1838 eleyson.

214 1841 318 1916 Kyrie,
334 1843 386 1918 qui
400 1863 454 1900 nos
467 1849 527 1900 tuse
541 1843 678 1919 imaginis
691 1845 815 1920 signasti
829 1845 930 1920 specie,
948 1845 1075 1921 eleyson.

214 1922 341 1995 Christe,
356 1924 410 1980 lux
424 1924 529 1996 miens,
544 1943 598 2001 per
611 1944 700 2001 quem
713 1931 785 1982 sunt
798 1925 907 1998 omnia,
923 1926 1051 2003 eleyson.

214 2002 341 2076 Christe,
357 2005 410 2080 qui
422 2005 552 2081 perlecta
566 2025 597 2063 es
610 2005 764 2082 sapientie,
780 2006 906 2083 eleyson.

214 2084 339 2156 Christe,
355 2086 413 2143 Dei
426 2085 528 2159 forma,
544 2086 681 2144 humenae
695 2087 851 2164 particeps,
868 2086 994 2164 eleyson.

213 2165 319 2242 Kyrie,
335 2166 465 2242 Spiritus
478 2168 604 2240 vivifice,
620 2168 692 2225 vitae
705 2169 760 2240 vis,
775 2169 901 2244 eleyson.

213 2246 317 2322 Kyrie,
333 2249 489 2324 utriusque
502 2267 602 2324 vapor,
618 2249 722 2324 inquo
737 2256 851 2321 cuncte,
867 2249 992 2325 eleyson.

213 2327 318 2402 Kyrie,
334 2335 513 2406 expurgator
526 2329 669 2386 scelerum
684 2335 715 2387 et
727 2329 851 2407 largitor
863 2330 977 2406 gratiae,
992 2329 1120 2406 eleyson.

212 2408 347 2466 Petimus
360 2416 481 2485 propter
494 2417 610 2467 nostras
624 2411 748 2467 offensas
761 2410 825 2467 noli
838 2430 892 2468 nos
907 2411 1083 2488 relinquere,

213 2489 240 2547 Ο
254 2490 420 2548 consolator
434 2490 560 2549 dolentis
573 2491 689 2562 animae,
704 2490 831 2567 eleyson.

656 2644 732 2704 XX.

549 2752 692 2811 Curunns
714 2767 839 2812 risores.

92 2858 228 2916 Clemens
240 2864 344 2930 rector,
361 2864 470 2916 aeterne
484 2857 575 2915 Peter
587 2857 739 2928 immense,
755 2858 883 2933 eleyson.

91 2940 219 2997 Nostras
232 2959 325 2997 necne
339 2938 478 3018 (necnon)
493 2958 578 2997 voces
592 2939 710 3011 exaudi,
725 2939 881 2996 benedicte
896 2938 1034 3011 Domine,

92 3019 228 3096 Eter(ne)
244 3020 368 3078 stellifer
380 3028 489 3094 noster,
504 3020 600 3078 nostri
613 3020 767 3097 benignus,
782 3020 909 3096 eleyson.

91 3100 214 3159 Plebem
226 3108 326 3173 tuam,
336 3101 466 3159 Sabaoth
480 3102 554 3179 agie,
569 3120 684 3177 semper
697 3120 773 3178 rege,
789 3101 916 3177 eleyson.

91 3181 182 3240 Trine
195 3187 226 3239 et
239 3202 307 3251 une,
323 3182 438 3240 sedulas
451 3188 566 3241 nostras
580 3202 689 3260 preces,
704 3202 768 3254 rex,
783 3183 906 3259 suscipe,

91 3262 196 3319 Fidem
209 3283 284 3338 auge
297 3262 344 3320 his
357 3263 411 3340 qui
423 3264 547 3321 credunt
559 3264 593 3321 in
606 3270 645 3336 te,
661 3270 696 3321 tu
710 3282 855 3334 succurre,
871 3262 997 3339 eleyson.
1295 3313 1297 3320 .

92 3343 216 3421 Respice
239 3344 272 3401 in
294 3344 380 3402 nobis
404 3345 549 3416 omnibus,
574 3344 693 3420 inclyte,
716 3344 762 3401 fer
785 3364 871 3421 opem
893 3344 929 3401 de
951 3342 1073 3401 excelsis
1083 3363 1092 3416 3
1113 3348 1145 3402 et
1168 3350 1293 3416 nostras,

171 3425 339 3501 redemptor
366 3425 445 3483 orbis
472 3432 568 3497 terrae,
596 3444 682 3483 voces
711 3425 779 3502 jugi
805 3425 978 3502 angelorum
1006 3424 1132 3482 camiini
1158 3425 1293 3503 adjunge,

172 3505 216 3562 ele
237 3525 297 3564 son

91 3526 304 3662 Cunctipbtens
318 3586 427 3663 sophiae
441 3594 501 3644 tuae
514 3587 613 3645 lumen
628 3586 715 3644 nobis
729 3585 861 3644 infunde.

91 3668 254 3745 Tripartite
274 3674 304 3725 et
324 3686 384 3725 une
404 3668 510 3744 Kyrie,
525 3668 578 3745 qui
598 3686 699 3724 manes
719 3686 786 3724 cum
807 3666 898 3725 Patre
922 3666 956 3724 in
978 3672 1132 3740 arternum,
1146 3673 1178 3725 te
1191 3686 1250 3740 ore,
1264 3674 1295 3726 te
1373 3671 1375 3686 '

171 3749 257 3806 corde
280 3755 371 3825 etque
393 3754 493 3806 mente
516 3748 687 3825 psallimus3
715 3767 795 3806 nunc
819 3747 885 3820 tibi,
907 3747 935 3805 Ο
955 3748 1041 3806 beate
1061 3748 1136 3807 Jesu
1156 3749 1241 3822 bone,
1264 3755 1295 3806 te

172 3830 363 3905 deprecamur
376 3849 477 3887 omnes
491 3829 616 3901 assidue,
631 3829 757 3904 eleyson.

644 3984 737 4043 XXI.

522 4096 643 4168 Krnrn,
663 4075 735 4154 Rex
755 4110 871 4156 sanun.

90 4206 196 4283 Kyrie,
211 4226 266 4264 rex
280 4225 392 4282 regum,
407 4204 537 4262 Domine
551 4205 633 4262 Deus
647 4203 785 4277 Sabaoth,
802 4203 898 4262 nostri
910 4203 959 4280 pie
973 4204 1099 4280 eleyson.

91 4288 195 4364 Kyrie,
211 4306 299 4363 quem
312 4287 479 4345 intremunt
492 4305 626 4363 supernae
640 4285 761 4343 facturae
775 4291 888 4343 cunctee
902 4291 933 4343 et
946 4290 1082 4357 terrente,
1095 4284 1221 4362 eleyson.

89 4368 195 4444 Kyrie,
211 4369 302 4426 Peter
314 4367 455 4444 ingenite,
471 4367 639 4445 origovitae
652 4366 848 4441 sempiternes,
862 4366 988 4442 eleyson.

89 4449 214 4520 Christe,
230 4449 284 4508 lux
297 4449 334 4508 de
347 4449 421 4522 luce,
435 4453 565 4525 paternae
578 4447 678 4525 gloriae
693 4455 844 4520 coaeteme,
860 4447 986 4524 eleyson.
