2910 4904
86 4294 146 4459 ri

634 290 751 356 Prosae.

169 455 327 512 Virtutum
341 455 482 512 miracula
494 455 532 512 ad
545 456 661 512 laudem
675 476 758 513 suam
770 457 960 533 percelebrat

170 535 260 593 Unde
273 555 327 592 nos
340 543 590 610 tantaprecemur
603 537 696 612 patris
709 539 825 610 merita,

170 615 217 673 Ut
229 636 284 674 nos
296 617 334 673 ad
347 617 473 673 caelestia
487 636 584 674 secum
598 618 751 693 pertrahat
764 620 889 695 palatia3

168 697 232 755 Ubi
242 699 315 769 vito,
329 698 446 755 claritas
460 704 578 769 aeterna,
594 705 626 755 et
639 699 783 757 immensa
797 700 923 774 laetitia3

168 777 232 835 Ubi
245 785 346 835 sancta
359 779 529 855 angelorum
543 785 642 836 turma
662 779 728 837 Deo
740 788 879 857 personat
893 782 1008 840 cantica

169 858 251 916 Voce
265 858 350 917 clara.

579 997 801 1058 LXXXVIII.

461 1117 511 1174 Da
532 1117 651 1176 Snrcro
672 1118 912 1179 AErnnnwouno.

166 1235 244 1291 D1ss
265 1250 361 1291 sacas
381 1251 451 1292 mss
472 1250 539 1292 1sra
559 1234 622 1291 dies
635 1235 720 1292 valde
733 1235 867 1311 gloriosa,

166 1316 233 1385 Qua
246 1315 326 1372 beati
341 1317 434 1391 patris
449 1322 551 1372 sancta
564 1315 759 1375 AEthelwoldi
772 1317 881 1388 anima,

165 1397 268 1453 Exuta
281 1397 408 1472 corporis
421 1397 515 1473 gleba,
529 1395 598 1453 laeta
611 1397 688 1472 petit
701 1397 819 1455 aethcra.

164 1477 226 1534 Hic
240 1477 340 1552 itaque
354 1497 392 1534 ex
405 1478 540 1553 prosapia
553 1497 627 1553 puer
640 1477 737 1535 editus
751 1478 916 1536 orthodoxa
930 1485 962 1537 et
975 1480 1110 1556 ingenua,

161 1558 211 1614 Ab
223 1558 287 1629 ipsa
300 1577 382 1616 sacra
395 1558 523 1614 infantia
536 1558 631 1614 multa
646 1559 755 1616 futurae
768 1560 935 1617 sanctitatis
951 1559 1004 1619 dat
1016 1562 1153 1639 insignia.
1224 1553 1241 1585 ⁹*

162 1636 210 1695 Ad
233 1638 292 1695 Dei
315 1646 469 1715 promptus
492 1640 632 1715 obsequia
653 1639 807 1697 universos
827 1643 1110 1718 morumpraecellit
1132 1633 1238 1702 inclito
1251 1653 1283 1704 et

243 1720 348 1794 gratia,

162 1800 315 1876 Benignus
327 1807 426 1857 mente
440 1800 561 1871 sincera,
577 1800 689 1876 vigiliis
702 1821 821 1858 carnem
837 1801 977 1860 edomans
990 1808 1021 1860 et
1035 1804 1130 1861 multa
1142 1804 1268 1864 media*

163 1881 303 1938 Caritatis
316 1883 412 1958 gratia
424 1902 458 1938 ac
472 1881 591 1957 pietatis
605 1881 758 1939 dulcedine
772 1902 832 1958 prae
847 1883 984 1940 omnibus
997 1884 1144 1944 affluebat.

162 1962 272 2019 Plenus
286 1963 430 2037 sapientia
443 1962 628 2020 discretionis
641 1963 796 2020 fruebatur
809 1963 954 2022 divinitus
967 1965 1133 2040 prudentia.

164 2043 379 2100 Monaeliorum
388 2043 545 2118 disciplina
558 2050 648 2120 atque
658 2064 773 2101 morum
784 2045 979 2102 sanctimonia
989 2046 1175 2119 informatus,
1186 2049 1281 2107 caeles·

242 2124 286 2180 tia
299 2124 461 2181 meditatur
474 2125 611 2181 exercita

161 2204 298 2261 Summus
311 2206 343 2261 in
356 2205 522 2262 obedientia
541 2212 662 2282 propter
681 2204 760 2263 clara
772 2207 843 2263 vitae
856 2207 964 2264 merita
984 2209 1195 2267 monachorum
1215 2230 1279 2288 pro

223 2314 225 2320 ·
242 2286 351 2343 meruit
364 2286 428 2342 fieri
442 2291 517 2361 patr
541 2313 556 2345 a·
598 2311 613 2344 a

581 2553 793 2628 auxanius:

511 2673 571 2751 (In
584 2691 639 2730 n1n
659 2672 866 2753 Ernnsmn)

158 2789 279 2860 Gsunn,
302 2805 395 2846 vineo
416 2805 519 2846 namn
539 2788 698 2860 Ecctnsn,

159 2870 277 2927 Christo
291 2889 357 2945 quae
370 2870 500 2945 nuptiali
513 2869 619 2945 copula

157 2950 257 3007 Hodie
270 2950 421 3008 foedomris
434 2951 503 3007 dote
517 2949 703 3026 sempiterna,

156 3030 279 3089 Decoris
292 3032 369 3088 stola
381 3038 412 3088 et
425 3032 464 3087 im
469 3031 586 3088 mortali
600 3030 701 3107 gloria

156 3112 229 3169 Haec
243 3120 288 3170 est
301 3112 353 3169 illa
366 3132 384 3169 a
399 3112 505 3169 linibus
518 3121 605 3169 terrae
615 3111 737 3168 veniens
750 3110 860 3187 regina,

155 3193 355 3268 Voluptatum
368 3199 553 3250 terrenarum
567 3192 733 3269 respuendo
746 3192 906 3262 illecebras,

156 3274 203 3332 Ut
218 3275 381 3332 Salomonis
397 3275 485 3331 verba
498 3275 601 3331 audiat
613 3274 770 3350 magnifica
781 3292 790 3345 3

155 3355 267 3412 Christi
281 3355 394 3412 monita
407 3354 609 3431 amplectendo
623 3354 768 3411 sublimia.

154 3436 230 3493 Haec
244 3443 289 3493 est
301 3436 353 3493 illa
367 3456 455 3493 aureo
470 3436 616 3492 virtutum
629 3436 740 3492 amictu
754 3435 898 3503 decorata,

153 3517 213 3574 Dei
226 3517 338 3574 dextrae
352 3518 490 3574 assistens
503 3517 614 3592 regina,
628 3519 713 3592 cujus
726 3517 764 3573 ab
778 3517 860 3572 intus
873 3518 919 3571 est
931 3513 1032 3590 gloria.

155 3598 251 3668 Quam
266 3599 349 3655 Deus
361 3597 546 3674 alloquend0,
560 3596 651 3668 Audi,
665 3597 774 3673 inquit,
788 3596 858 3663 lilia,

154 3679 286 3736 Domum
297 3680 399 3735 ‘Patris
412 3680 532 3754 abnega,
548 3678 659 3735 mundo
672 3676 893 3748 abrenuntians,

155 3760 202 3817 Ut
216 3761 339 3818 serveris
352 3760 425 3816 actis
439 3773 468 3817 et
483 3765 582 3816 mente
595 3759 736 3835 virginea.

154 3842 256 3898 Placet
268 3843 362 3910 decor,
377 3841 474 3916 placet
487 3840 655 3906 speciositas
670 3849 729 3897 tua

154 3923 181 3980 Ο
195 3923 373 3991 admiranda,
390 3922 415 3978 0
430 3921 614 3996 praedicanda
628 3921 685 3978 Dei
698 3920 794 3996 gratia
806 3921 813 3977 l

153 4005 179 4061 0
195 4004 349 4079 largitatis
365 4002 390 4059 Ο
405 4002 525 4077 pietatis
538 4002 720 4058 abundantia
733 4004 739 4059 ἒ

153 4085 296 4141 Humana
310 4084 428 4141 Christo
442 4083 473 4139 in
488 4102 592 4158 sponsa
607 4083 762 4157 copulatur
775 4081 881 4138 anima.

151 4166 173 4222 J
175 4166 336 4241 ampridem
351 4184 452 4237 unum,
467 4183 527 4220 non
541 4164 608 4234 duo,
624 4163 760 4221 Christus
774 4169 805 4220 et
818 4160 954 4231 Ecclesia,

152 4293 318 4338 IIS-media.
582 4290 658 4350 †Ms.
668 4292 725 4337 herc
734 4289 821 4336 breaks
830 4289 869 4334 off.

156 4353 216 4397 This
226 4352 274 4396 and
283 4354 323 4398 the
333 4351 459 4409 following
470 4350 591 4409 Sequcncc
601 4365 641 4398 are
650 4351 677 4396 in
687 4365 701 4396 a
711 4352 840 4396 somcwlnt
854 4348 914 4395 lator
923 4344 988 4392 hand
1002 4358 1034 4392 on
1048 4343 1089 4392 the
1104 4342 1158 4390 first
1166 4341 1225 4391 lolio
1239 4341 1264 4390 oi

148 4413 279 4472 snuscript.
