2910 4904
135 336 200 399 334
343 330 465 396 Μιιιαι
481 330 589 417 Officea
605 331 700 417 from
713 330 763 395 tte
777 332 914 415 Boopcr
928 330 1119 417 Pontifical.

133 506 269 557 n0st1um
288 499 495 574 quotidianum
508 498 546 556 da
558 498 643 556 nobis
662 497 756 556 hodie.
802 498 844 555 Et
857 497 975 556 dimitte
994 498 1079 555 nobis
1099 498 1204 555 debita
1221 504 1328 573 nostru,

132 581 210 637 sicut
238 584 269 637 et
291 598 345 636 nos
372 579 550 637 dimittimus
577 578 758 636 debitoribus
784 578 901 637 nostris.
951 579 993 635 Et
1014 597 1052 636 ne
1072 597 1128 637 nos
1149 578 1274 651 inducas
1297 579 1327 637 iu

135 661 336 719 tentationem.
378 661 487 718 Amen.

193 741 301 799 Libera
320 760 382 813 nos,
397 760 573 817 quaesumus,
596 740 732 813 Domine,
754 741 792 798 ab
812 740 948 797 omnibus
968 739 1054 797 mulie
1073 740 1248 817 praeteritis,
1260 760 1327 819 prae

131 823 275 895 sentibus,
290 827 321 879 et
332 822 442 879 futuris
455 841 464 893 3
486 827 518 880 et
536 821 737 878 intercedente
756 840 810 897 pro
823 821 908 879 nobis
920 822 1007 879 beata
1020 825 1051 878 et
1063 821 1195 897 gloriosa
1206 840 1326 899 somper-

132 923 189 979 que
202 903 318 978 virgine
331 902 390 960 Dei
402 902 550 979 genetrice
564 901 663 975 Maria
682 907 714 959 et
733 901 827 959 beatis
840 901 995 978 Apostolis
1007 902 1069 959 tuis
1083 901 1178 960 Petro
1191 907 1223 960 et
1237 902 1325 961 Psnlo

132 992 222 1060 atque
236 983 359 1040 Andrea
372 1003 439 1040 cum
452 983 589 1040 omnibus
604 983 719 1040 Sanctis
732 983 802 1055 tuis,

192 1089 253 1146 Hic
265 1089 357 1163 azprret
370 1107 398 1146 rc
411 1086 550 1146 Sacerdos
563 1087 598 1145 de
605 1096 717 1163 patena
730 1088 765 1145 c'rt
777 1089 897 1145 modam
910 1088 1020 1147 crucia
1018 1112 1024 1124 ·

132 1172 170 1228 da
190 1169 336 1246 propitius
355 1188 456 1262 pacem
475 1169 508 1225 in
528 1168 631 1225 diebus
651 1169 769 1240 nostris,
783 1174 828 1240 ut,
842 1188 897 1262 ope
916 1168 1124 1227 misericordia
1141 1175 1204 1227 ture
1210 1170 1323 1264 'adjuti

132 1258 162 1307 ot
176 1270 193 1307 a
206 1257 325 1326 peccato
338 1251 429 1306 simus
450 1269 563 1324 semper
582 1249 677 1321 liberi,
693 1256 724 1307 et
737 1250 774 1306 ab
788 1249 870 1306 omni
886 1249 1108 1369 perturbatione
1122 1251 1229 1310 securi.
1270 1250 1323 1309 Per

132 1331 259 1389 eundem
274 1331 438 1387 Dominum
450 1336 593 1388 nostrum.

192 1436 387 1511 Hicfranpot
400 1435 561 1493 Hostiam
548 1455 582 1492 aa
596 1443 652 1502 tres
660 1444 768 1510 pastea,
783 1391 925 1494 dicendo:

193 1518 252 1575 Per
265 1517 365 1573 omnia
376 1515 481 1574 saecula
498 1516 677 1573 saeculorum.
719 1516 828 1574 Amen.

192 1596 429 1677 PaxffiDomini
446 1595 646 1676 sitfflsemper
658 1595 858 1677 vobisfflcum.

191 1680 300 1756 Agnus
313 1679 380 1749 Dei,
395 1678 447 1754 qui
460 1678 541 1735 tollis
553 1683 672 1754 peccata
684 1677 806 1735 mundi:
826 1677 963 1735 miserare
976 1678 1070 1736 nobis.

191 1761 299 1836 Agnus
313 1760 379 1831 Dei,
395 1759 448 1834 qui
460 1758 541 1816 tollis
553 1765 671 1835 peccata
684 1758 788 1816 mnndi
803 1780 810 1816 ι
833 1759 970 1816 miserere
983 1759 1079 1817 nobis.

191 1842 300 1917 Agnus
313 1840 380 1910 Dei,
394 1840 447 1916 qui
459 1839 540 1897 tollis
553 1845 671 1915 peccata
684 1840 806 1897 mundi:
827 1839 903 1898 dona
915 1839 1001 1897 nobis
1014 1859 1124 1915 pacem.

193 1934 254 1990 Pro
268 1931 413 2006 dqfarzclis
422 1956 431 1989 .·

190 2015 299 2090 Agnus
313 2014 379 2083 Dei,
395 2013 447 2088 qui
460 2012 540 2069 tollis
553 2019 671 2089 peccata
685 2013 806 2070 mundi:
827 2013 904 2070 (lona
916 2013 959 2070 eis
972 2013 1112 2089 requiem

191 2095 299 2171 Agnus
313 2093 380 2164 Dei,
393 2092 446 2168 qui
459 2092 540 2150 tollis
553 2099 672 2169 peccata
684 2093 806 2153 mundi:
827 2094 904 2152 dona
917 2094 960 2152 eis
973 2094 1115 2170 requiem.

190 2175 299 2252 Agnus
313 2173 379 2247 Dei,
395 2173 447 2249 qui
460 2174 540 2231 tollis
550 2180 668 2251 peccata
680 2175 802 2233 mundi:
823 2175 899 2232 dona
907 2174 949 2232 eis
958 2176 1092 2252 requiem
1104 2176 1321 2253 sempiternam.

192 2281 252 2339 Hic
258 2284 319 2357 fiat
333 2280 495 2338 commistio
510 2279 647 2356 Corporis
660 2301 695 2339 oc
706 2279 871 2356 Samnitis
885 2279 1005 2352 ditasti,
1019 2281 1065 2338 a'ta
1077 2280 1223 2343 dicendo:

191 2363 267 2420 Haec
280 2368 463 2420 sacrosancta
476 2361 647 2419 commixtio
661 2363 789 2438 corporis
798 2367 829 2427 et
841 2361 992 2439 sanguinis
1004 2361 1131 2419 Domini
1142 2361 1243 2421 nostri
1253 2362 1325 2421 Jem

129 2443 253 2517 Christi,
267 2443 321 2500 fiat
333 2441 418 2501 nobis
431 2442 624 2519 omnibusque
637 2443 821 2501 sumentibus
834 2443 912 2500 salus
924 2443 1033 2500 mentis
1045 2448 1078 2501 et
1089 2442 1233 2519 corporis,
1246 2452 1277 2503 et
1288 2440 1324 2501 ad

131 2525 225 2583 vitam
239 2529 379 2581 aeternam
392 2523 596 2599 capessendam
609 2524 784 2600 praeparatio
797 2524 942 2581 salutaris.
985 2523 1044 2581 Per
1056 2523 1196 2582 eundem.

194 2621 295 2680 Oratio
309 2629 465 2694 antequam
473 2641 537 2694 pax
550 2621 635 2678 detur
646 2644 656 2679 .-

192 2703 328 2775 Domine,
344 2706 444 2758 sancte
464 2700 563 2773 Pater,
585 2701 771 2777 omnipotens
791 2707 900 2759 aeterne
913 2701 1003 2773 Deus,
1018 2700 1057 2757 da
1072 2700 1151 2757 mihi
1162 2700 1223 2765 hoc
1235 2720 1324 2761 wo·

129 2789 266 2842 sanctum
293 2801 398 2858 corpus
425 2786 456 2840 et
482 2782 653 2859 sanguinem
682 2781 753 2838 Filii
779 2782 827 2839 tui
849 2781 972 2839 Domini
994 2781 1091 2839 nostri
1113 2782 1193 2841 Jcsu
1213 2780 1324 2841 christi

129 2864 174 2922 ita
194 2865 282 2941 digne
302 2882 425 2933 sumere,
439 2867 475 2919 ut
492 2881 606 2930 merear
625 2882 678 2939 per
696 2862 751 2920 hoc
765 2862 963 2921 remissionem
986 2867 1178 2939 peccatorum
1191 2880 1323 2923 meorum

130 2945 260 3020 accipere
280 2950 311 3002 et
330 2950 383 3001 tuo
404 2943 512 3000 Sancto
533 2943 648 3020 Spiritu
667 2943 775 3020 repleri
793 2950 824 3002 et
841 2963 941 3020 pacem
954 2948 1039 3001 tuam
1050 2943 1179 3017 habero3
1199 2944 1272 3021 quis
1288 2948 1324 3001 tn

127 3046 160 3084 es
182 3026 264 3083 Deus
282 3030 313 3082 et
333 3029 440 3100 praeter
461 3030 492 3082 te
506 3044 566 3082 non
584 3031 629 3081 est
648 3025 732 3096 alius,
748 3025 832 3100 cujus
848 3044 971 3101 regnum
988 3023 1148 3101 gloriosum
1169 3028 1323 3101 permanet

129 3107 162 3163 in
176 3106 282 3164 saecula
295 3106 476 3163 saeculorum.

191 3202 249 3259 Hic
261 3222 322 3276 pax
335 3202 421 3258 detur
433 3202 553 3258 dicendo
564 3226 572 3259 .·

190 3282 258 3339 Pax
270 3282 328 3339 tibi
341 3288 372 3339 et
386 3282 512 3340 ecclesiae
527 3283 592 3339 Dei.

190 3380 262 3437 Post
275 3379 355 3436 dicat
368 3379 512 3438 orationes
525 3379 744 3453 subsequentes:

190 3460 272 3518 Deus
296 3458 395 3530 Pater,
409 3459 475 3516 fons
489 3464 520 3517 et
535 3459 616 3535 origo
639 3460 731 3517 totius
750 3460 901 3532 bonitatis,
922 3459 974 3536 qui
994 3458 1101 3518 ductus
1120 3458 1322 3519 misencordis

129 3539 328 3617 Unigenitum
339 3546 427 3597 tuum
439 3559 493 3616 pro
506 3541 590 3597 nobis
603 3540 640 3597 ad
653 3539 756 3597 infima
767 3541 872 3598 mundi
884 3539 1066 3613 descendere,
1073 3558 1195 3599 comem
1207 3558 1322 3600 sumere

129 3620 260 3692 voluisti,
279 3640 368 3696 quam
382 3639 435 3697 ego
458 3620 598 3697 indignus
615 3621 663 3678 hic
675 3621 709 3677 in
729 3621 865 3679 manibus
878 3622 951 3680 meis
963 3627 1059 3693 teneo,
1073 3627 1104 3679 et
1125 3626 1158 3679 tc
1178 3622 1279 3695 adorq
1290 3627 1321 3681 ta

127 3701 267 3778 glorifico,
282 3707 312 3758 te
325 3706 390 3758 tota
402 3702 498 3759 cordis
516 3702 682 3759 intentione
695 3701 784 3760 laudo
794 3723 804 3776 3
824 3709 855 3761 et
868 3722 976 3779 precor,
990 3708 1025 3760 ut
1044 3720 1100 3761 nos
1111 3700 1243 3761 famulos
1254 3708 1321 3761 tuos

128 3803 188 3839 non
210 3783 334 3853 deseras,
357 3782 408 3840 sed
431 3788 549 3858 peccata
571 3788 673 3840 nostra
693 3782 836 3853 dimittes,
857 3789 1002 3860 quatenus
1018 3782 1077 3841 tibi
1093 3781 1151 3841 soli
1171 3782 1239 3843 Deo
1251 3782 1320 3841 rivo

127 3883 202 3939 puro
216 3863 302 3920 corde
316 3869 347 3920 et
359 3869 439 3920 casto
453 3882 571 3939 corpore
580 3864 690 3921 servire
703 3863 860 3923 redeamus.
903 3864 961 3923 Per
973 3863 1107 3922 eundem.

189 3955 317 4014 Domine
340 3955 362 4012 J
363 3975 414 4013 esu
437 3954 557 4028 Christi,
579 3955 639 4012 Fili
659 3956 717 4013 Dei
736 3956 807 4028 vivi,
831 3957 882 4033 qui
904 3976 942 4015 ex
967 3957 1123 4015 voluntate
1142 3954 1254 4031 Patris,
1274 3974 1318 4017 oo·

127 4042 267 4111 operante
280 4036 395 4112 Spiritu
415 4035 532 4108 Sancto,
546 4055 598 4112 per
617 4041 742 4094 mortem
761 4044 845 4095 tuam
864 4037 1009 4095 mundum
1030 4037 1190 4097 vivificasti
1198 4057 1209 4113 3
1227 4038 1318 4099 litera

127 4136 182 4188 ma,
205 4136 257 4193 per
276 4116 331 4175 hoc
351 4136 465 4174 sacrum
485 4136 590 4193 corpus
610 4124 640 4175 et
660 4119 832 4194 sanguinem
850 4124 936 4176 tuum
949 4138 968 4177 a
980 4118 1095 4177 cunctis
1107 4117 1318 4196 iniquitatilm

127 4198 201 4254 meis
214 4203 245 4254 et
257 4199 296 4255 ab
310 4197 455 4256 universis
468 4197 567 4270 malis3
587 4204 618 4255 et
636 4197 681 4255 fac
695 4219 742 4257 me
754 4199 816 4257 tuis
828 4218 941 4276 semper
953 4198 1072 4257 obedire
1083 4198 1245 4275 mandatis,
1257 4204 1317 4259 ata

126 4282 157 4332 te
184 4296 337 4353 nunquam
363 4277 397 4335 in
413 4284 589 4356 perpetuum
609 4280 738 4354 separari
756 4281 921 4375 permittas,
943 4279 1081 4339 Salvator
1100 4280 1216 4341 muudi
1259 4278 1317 4351 Qui

126 4374 194 4413 cum
207 4357 272 4416 Deo
290 4357 381 4417 Patre
394 4366 424 4416 et
438 4359 539 4417 eodem
553 4358 667 4435 Spiritu
683 4359 833 4419 Sancto
804 4361 882 4420 rivis
892 4368 923 4419 et
935 4380 1040 4438 regnas
1053 4360 1137 4421 Deua
1150 4380 1205 4439 pet
1219 4360 1317 4421 omni·

126 4437 233 4495 saecula
244 4438 423 4497 saeculorum
466 4440 573 4498 Amen.
