2910 4904
495 253 496 260 i
564 285 659 350 Festa
680 283 883 350 Novembris.
1257 287 1317 348 121

126 451 326 528 pravenimus
352 453 478 529 gloriosa
498 451 652 509 sollemnia
678 450 775 509 tribue
803 450 941 527 subsequi
968 451 1001 507 in
1021 457 1122 508 sancta
1142 450 1323 528 professione

126 534 272 590 laetitiam.
316 533 382 591 Per.

189 614 334 671 Mentoris
347 615 381 673 de
395 623 492 672 saneto
508 613 658 684 Quiritiao,
673 621 807 688 ntartpre.
852 612 959 670 Oratio.
989 612 1111 682 Praesta,
1126 631 1299 688 quaesumus.

190 703 304 785 [Tertia
320 707 422 765 Oratio
433 708 473 764 ad
487 716 593 763 natissa
607 705 901 763 Saceeratora's.—MS.
918 703 970 785 D.]

190 799 284 857 Lectio
298 800 367 858 t'brt
379 800 568 875 Apoealypsis
582 799 655 857 beuti
668 797 695 853 J
693 799 816 855 obsianis
830 798 962 872 Apostoli
975 797 1015 874 (a.
1031 798 1127 875 6-13.)

190 879 231 937 In
244 881 346 939 dicbus
359 882 426 953 illis,
443 882 517 938 Ecce
538 899 590 955 ego
611 880 632 937 J
634 879 762 936 ohannes
782 879 845 935 vidi
864 880 897 935 in
911 880 1006 936 medio
1020 879 1120 937 throni
1133 899 1223 953 arsque
1237 879 1277 935 ad
1290 878 1322 934 in

124 961 235 1018 saecula
248 963 429 1019 saeculorum.
472 962 579 1018 Amen.

191 1053 325 1112 Gratata
367 1054 576 1112 Exsultabunt.

189 1135 224 1191 b'i
237 1135 394 1192 Dominieo
407 1136 453 1206 sit,
468 1134 618 1210 Alleluya.
667 1134 695 1190 Γ.
718 1134 740 1191 J
741 1134 802 1211 usti
815 1133 847 1189 in
861 1141 1043 1210 perpetuum.

191 1216 390 1290 sterpetum.
433 1215 496 1291 Ego
510 1234 575 1272 sum
588 1215 660 1271 vitis
673 1234 750 1270 vera.
829 1215 832 1218 ⁴

192 1296 382 1370 Offirtoriam.
425 1297 589 1353 Laetamini.

190 1378 311 1435 Secreta.

192 1458 300 1515 Altare
314 1464 409 1528 tuum,
425 1457 561 1529 Domine,
576 1455 745 1513 muneribus
759 1456 942 1513 cumulamus
953 1455 1066 1526 oblatis,
1082 1456 1128 1528 da,
1144 1475 1318 1532 quaesumus,

124 1547 166 1598 ut
178 1539 216 1595 ad
229 1539 356 1596 salutem
369 1544 500 1595 nostram
514 1538 648 1594 omnium
661 1545 827 1594 sanctorum
843 1545 962 1594 tuorum
976 1539 1143 1612 precatione
1157 1536 1319 1613 proficiant,

125 1639 256 1698 quorum
271 1619 423 1677 sollemnia
436 1625 564 1676 ventura
576 1619 789 1693 praecurrimus.
833 1618 899 1674 Per.

191 1699 370 1759 Camarata.
414 1700 476 1776 Ego
490 1719 556 1756 sum
569 1699 647 1758 vitis.

190 1781 430 1839 Postcontmaaiu

189 1861 396 1933 Sacramentis,
420 1860 557 1931 Domine,
583 1867 613 1917 et
626 1861 740 1936 gaudiis
758 1865 861 1935 optata
881 1860 1052 1917 celebritate
1073 1861 1197 1936 expletis
1211 1879 1321 1935 quaesu-

125 1964 202 2016 mus,
219 1949 255 1999 ut
269 1962 367 2000 eorum
383 1943 517 2017 precibus
531 1942 711 2016 adjuvemur,
723 1960 849 2016 quorum
868 1942 1119 1998 recordationibus
1133 1942 1319 1999 exhibentur.

127 2026 188 2083 Per
203 2024 374 2081 Dominum.

364 2202 404 2258 Iu
424 2218 477 2258 nra
497 2202 627 2259 Osuuuu
649 2201 843 2257 Sanoroauu.
888 2199 970 2272 (Kal.
986 2200 1078 2273 Nou.)

188 2347 239 2404 Ad
253 2347 385 2402 Missam.
433 2343 584 2420 Officium„

189 2428 376 2486 Gaudeamus
390 2438 489 2482 omncs
508 2427 540 2482 in
562 2425 699 2496 Domine,
715 2426 793 2482 diem
814 2425 922 2482 festum
945 2425 1123 2483 celebrantes
1143 2426 1197 2482 sub
1211 2425 1321 2482 honore

127 2509 263 2602 omniurn
272 2509 453 2600 Sanctorum,
465 2508 501 2563 de
510 2526 637 2582 quorum
645 2507 843 2563 sollemnitate
852 2506 981 2583 gaudent
992 2507 1097 2583 angeli,
1110 2512 1140 2563 et
1151 2506 1319 2562 collaudant

126 2588 334 2726 leuitiairiaiis.
376 2668 535 2725 Exsultate
546 2669 621 2743 justi
634 2669 667 2724 in
681 2667 829 2724 Domino:
850 2672 944 2724 rectos
957 2668 1041 2724 decet
1052 2666 1236 2724 collaudatio.

188 2751 384 2906 gffiotffls
397 2829 572 2905 sempiterne
582 2829 676 2901 Deus,
686 2830 739 2904 qui
751 2848 805 2885 nos
815 2829 947 2886 omnium
958 2829 1132 2885 Sanctorum
1146 2829 1251 2885 merita
1264 2829 1319 2885 sub

127 2932 187 2970 una
207 2912 316 2969 tribuis
336 2911 532 2978 sollemnitate
546 2910 689 2981 venerari,
706 2929 880 2986 quaesumus,
895 2917 930 2966 ut
952 2909 1147 2967 desideratam
1160 2910 1245 2967 nobis
1259 2914 1319 2965 tuse

128 2993 347 3085 propitiationis
360 2991 574 3048 abundantiam
587 2990 790 3067 multiplicatis
803 2991 1059 3048 intercessionibus
1078 2990 1219 3066 largiaris.
1262 2989 1322 3047 Per

129 3075 372 3212 Donileiliil'ldri
384 3151 574 3227 Apoealypsis
588 3152 662 3209 beuti
674 3151 822 3208 Jotaaats
838 3151 969 3227 Apostoli
982 3151 1048 3228 (eit.
1066 3150 1133 3208 2-12
1139 3152 1161 3224 ).

188 3235 229 3292 In
242 3235 346 3292 diebus
359 3233 427 3305 ilhs‚
442 3233 517 3290 Ecce
538 3253 590 3308 ego
612 3233 633 3290 J
635 3232 763 3290 ohannes
785 3233 848 3289 vidi
868 3234 995 3290 alterum
1017 3233 1152 3309 angelum
1174 3230 1321 3306 usquead

131 3316 308 3373 saeculorum.
351 3315 459 3372 Amen.

189 3397 323 3454 Grudute.
367 3395 481 3451 Timete
495 3393 665 3451 Dominum.

139 3477 164 3535 l'.
185 3477 384 3553 Inquirentes.

187 3558 336 3634 Alleluya
385 3556 414 3615 V,
435 3556 457 3613 J
459 3555 628 3612 udicabunt.

187 3649 351 3726 Sequentia.

367 3729 486 3787 Christo
500 3729 612 3803 inclyto
626 3727 769 3785 candida*

330 3854 334 3859 .
408 3810 521 3866 Nostra
535 3815 646 3865 canunt
659 3809 785 3866 melodia
798 3808 916 3885 agmina
928 3829 937 3878 3

369 3890 484 3948 Laudes
499 3890 635 3946 omnibus
648 3889 751 3946 dantia

407 3970 522 4027 Sanctis
535 3990 588 4046 per
601 3971 662 4026 haec
677 3990 758 4027 sacra
768 3969 891 4027 festalia.

368 4051 496 4108 Mariam
510 4052 641 4126 primum
654 4070 713 4108 vox
727 4056 811 4107 sonet
825 4057 935 4123 nostra,

409 4132 467 4192 Per
477 4151 566 4207 quam
579 4130 664 4188 nobis
678 4132 749 4187 vitae
763 4137 834 4188 sunt
848 4132 917 4188 data
930 4133 1070 4207 praemia5

368 4212 488 4288 Regina
501 4232 567 4287 quae
582 4231 612 4269 es
626 4219 721 4268 mater
734 4218 764 4269 et
778 4218 867 4283 casta,

408 4293 495 4351 Solve
508 4298 610 4350 nostra
623 4312 675 4367 per
689 4291 800 4349 Filium
809 4293 983 4369 peccamina.

255 4425 268 4450 ⁴*
284 4420 532 4468 Komaia—Christo
542 4420 632 4478 inclyta
644 4419 744 4464 candida
754 4422 836 4464 nostra
847 4422 936 4465 canunt
945 4419 1072 4465 melodiam
1081 4418 1183 4476 agmina.
