2910 4904
590 288 686 353 Festo
708 286 853 373 Aprilis.
1281 293 1322 356 29

180 455 362 517 0001111010.

178 538 311 596 Gaudete
347 536 423 613 justi
460 536 493 592 in
531 535 669 607 Domino,
710 534 845 612 alleluya,
881 541 975 592 rectos
1014 535 1097 593 decet
1135 536 1320 609 collaudatio,

127 619 254 695 alleluya.

176 697 440 758 Postcommanio'*

177 781 265 838 Sacro
289 799 411 836 munere
439 778 539 835 satiati
567 777 712 854 supplices
739 783 777 849 te,
805 777 942 849 Domine,
965 778 1163 855 deprecamur,
1185 785 1220 837 ut
1244 781 1321 856 quod

124 862 221 919 debitae
243 861 397 918 servitutis
418 859 597 916 celebramus
618 858 720 930 officio,
740 859 911 916 salvationis
929 865 989 916 tuae
1007 860 1169 917 sentiamus
1185 880 1323 936 augmen·

125 951 190 1000 tum.
235 942 302 1000 Per.

346 1128 457 1185 Sarcrr
480 1127 623 1199 Gronau,
648 1144 810 1184 1111111111.
855 1126 907 1205 (ix.
925 1127 1096 1209 Kalliai.)

180 1252 321 1327 Officium.

176 1332 340 1391 Protexisti
381 1350 437 1402 me,
466 1331 556 1401 Deus,
594 1350 611 1387 a
647 1337 794 1387 conventu
829 1331 1065 1407 malignantium,
1110 1333 1237 1409 alleluya
1253 1357 1272 1401 ι,
1304 1354 1322 1391 a

128 1415 311 1472 multitudine
325 1413 511 1488 operantium
524 1411 723 1486 iniquitatem,
739 1411 874 1486 alleluya,
890 1412 1024 1487 alleluya.

179 1495 324 1552 Paulinus.

178 1576 298 1633 Exaudi
312 1575 395 1631 Deus
408 1573 570 1631 orationem
581 1593 685 1645 meam,
701 1592 767 1629 cum
782 1574 939 1650 deprecor:
964 1594 982 1631 a
995 1574 1101 1632 timore
1115 1575 1228 1633 inimici
1242 1577 1322 1654 eripe

133 1657 247 1715 animam
261 1675 365 1713 meam.

182 1738 289 1796 Oratio.

181 1821 268 1890 Deua,
291 1817 345 1893 qui
365 1836 419 1873 nos
441 1816 520 1873 beati
543 1815 663 1890 Georgii
684 1816 823 1891 martyris
845 1816 892 1873 tui
918 1816 1033 1873 meritis
1056 1824 1087 1874 et
1113 1818 1322 1878 intercessione

137 1899 257 1969 letificas,
281 1898 406 1956 concede
428 1897 583 1973 propitius
606 1907 641 1953 ut
663 1898 715 1971 qui
737 1899 800 1972 ejus
821 1897 962 1954 beneficia
982 1899 1137 1974 poscimus
1156 1900 1233 1958 dono
1260 1907 1320 1958 tuae

139 1983 220 2056 gatis
234 1999 456 2055 consequamur.
500 1978 565 2035 Per.

183 2062 318 2138 Epistola.
363 2059 476 2116 Scimus
491 2058 630 2134 quoniam
644 2060 669 2114 si
683 2060 839 2115 terrestris.

183 2143 325 2218 Alleluya.
376 2140 404 2197 V.
428 2141 658 2197 Confitebuntur
674 2140 738 2196 01011
751 2140 899 2196 mirabilia
919 2145 981 2212 tua,
998 2141 1147 2198 Domine:
1170 2149 1200 2200 et
1214 2145 1321 2201 verita·

142 2228 185 2280 ten
195 2230 275 2281 tuam
290 2225 322 2279 in
337 2221 458 2280 ecclesia
472 2226 648 2277 sanctorum.

185 2303 327 2380 Alleluya.
370 2303 398 2362 V.
420 2302 555 2376 Angelus
570 2301 693 2357 Domini
706 2302 857 2358 descendit
870 2303 905 2359 de
916 2302 993 2373 caelo,
1004 2309 1034 2359 et
1044 2304 1182 2361 accedens
1195 2307 1323 2362 revolvit

144 2382 244 2460 lapidem
258 2408 264 2443 :
293 2392 324 2443 et
339 2384 458 2441 sedebat
472 2402 560 2458 super
573 2401 648 2438 eum.

185 2467 341 2541 Sequentia.
386 2463 547 2540 Organicis,
564 2471 598 2518 at
611 2464 645 2519 ia
660 2462 825 2520 donaciani.

185 2547 380 2622 doorayalimn.
424 2545 456 2602 si
470 2544 537 2620 quis
551 2542 618 2599 vult
631 2549 698 2619 post
713 2564 759 2601 me
776 2544 882 2601 venire.

187 2627 373 2702 Offertorium.

187 2708 409 2766 Confitebuntur
433 2705 496 2763 eaeli
517 2705 665 2762 mirabilia
689 2712 751 2776 tua,
775 2705 919 2763 Domine:
951 2712 981 2763 et
1003 2707 1160 2764 veritatem
1184 2714 1268 2765 tuam
1288 2710 1322 2766 in

146 2787 236 2847 eeclesia
249 2795 428 2858 sanctorum,
443 2786 577 2862 alleluya,
592 2786 727 2862 alleluya.

185 2869 318 2930 Secrctc.†

186 2949 313 3024 Munera,
337 2950 474 3017 Domine,
497 2949 596 3006 oblata
623 2948 781 3020 sanctifica,
805 2955 836 3005 et
859 2948 1059 3006 intercedente
1082 2950 1169 3007 beato
1195 2951 1321 3028 Georgio

146 3039 247 3108 martyre
267 3040 331 3104 tuo,
354 3051 408 3108 per
431 3031 492 3086 haee
516 3051 534 3086 a
552 3037 738 3106 peccatorum
758 3036 927 3086 nostrorum
949 3031 1069 3088 maculis
1083 3033 1218 3090 emunda.
1263 3034 1321 3091 Per

147 3105 281 3171 Dominum
301 3121 444 3171 nostrum.

188 3194 358 3253 Conanauaio.
1352 3259 1355 3267 .

187 3273 343 3332 Laetabitur
360 3274 460 3349 justus
473 3272 506 3329 in
521 3272 658 3344 Domino,
673 3278 704 3329 et
717 3272 847 3348 sperabit
860 3273 893 3328 in
906 3292 940 3330 eo
954 3295 959 3330 ι
981 3279 1011 3331 et
1024 3273 1206 3330 laetabuntur
1219 3295 1321 3334 omnes

147 3355 196 3411 recti
210 3357 302 3426 corde,
317 3353 453 3428 alleluya,
468 3353 602 3429 alleluya.

187 3433 442 3509 Postcommaaio.‡

188 3516 329 3594 Supplices
346 3523 377 3573 te
399 3535 545 3592 rogamus,
564 3515 749 3590 omnipotens
768 3514 858 3587 Deua,
879 3521 913 3570 ut
935 3535 1008 3590 quos
1029 3515 1090 3572 tuis
1112 3517 1207 3574 reficis
1229 3538 1320 3576 sacra·

186 3681 196 3704 ¹
212 3681 262 3727 MS.
283 3680 493 3726 D.-Sacramcnti
508 3679 551 3733 tui,
567 3678 676 3733 Domine,
694 3691 841 3734 quaesumus,
858 3680 952 3733 sumpta
969 3677 1103 3722 benedictio
1119 3693 1220 3737 corpora
1236 3688 1320 3727 nostra

146 3743 256 3800 uenasque
271 3740 417 3791 sanctificet3
447 3742 471 3783 et
488 3742 623 3782 sanctorum
639 3741 773 3794 martyrum
789 3739 884 3781 tuorum
902 3736 1015 3793 1111111111,
1033 3736 1162 3795 Valeriani,
1178 3744 1203 3783 et
1220 3740 1320 3787 Maximi

145 3800 327 3846 uarasaonibus
339 3798 488 3854 sempiternae
499 3797 581 3853 gloriae
591 3795 732 3841 ascribendo
743 3809 788 3839 nos
798 3800 923 3852 praeparet.
957 3797 1004 3840 Per
1014 3796 1151 3842 Dominum.

187 3857 240 3904 This
253 3873 338 3915 agrees
353 3857 413 3902 with
427 3858 467 3902 the
484 3857 575 3900 Sarum.

186 3935 255 3993 ills.
274 3934 434 3987 D.-Serreta.
476 3932 603 3977 Offcrimus
623 3932 677 3987 tibi,
693 3931 803 3988 Domine,
824 3931 937 3975 sollemne
958 3931 1100 3976 sacrificium
1120 3947 1165 3991 pro
1186 3939 1319 3983 veneranda

146 3994 201 4038 sucu
219 3995 318 4051 Georgii
331 3993 446 4050 martyris
460 3992 496 4036 tui
512 3991 629 4049 passione,
645 3991 799 4049 deprecantes
815 3990 965 4034 elementiam
981 3994 1054 4047 tuam,
1071 3995 1098 4035 ut
1114 4006 1156 4049 per
1173 3994 1224 4038 11100
1240 4009 1318 4041 sacro-

146 4057 204 4096 anea
212 4055 324 4112 mysteria
333 4051 426 4108 antiqui
436 4051 514 4096 hostis
525 4053 678 4105 tentamenta,
688 4052 712 4094 te
722 4049 892 4105 triumphante,
900 4050 1064 4108 1110111110,οῐ
1074 4054 1170 4096 mtornm
1181 4067 1319 4100 remunera-

146 4105 197 4155 tionis
205 4115 332 4170 praemium,
342 4115 366 4156 te
377 4110 502 4166 largiente,
512 4122 692 4166 consequamur.
724 4108 771 4152 Per
782 4108 917 4154 Dominum.

188 4170 240 4216 This
249 4185 335 4229 agrees
344 4170 404 4214 with
414 4169 453 4213 the
465 4170 558 4213 Sarum.

188 4245 257 4303 llis.
273 4243 518 4292 D.-Postromnzanio.
549 4243 640 4288 Mensae
656 4242 759 4287 calestia
779 4242 858 4287 satiati
874 4242 1005 4299 dulcedine,
1022 4243 1143 4289 humiliter
1158 4249 1181 4290 to
1197 4260 1318 4305 rogamus,

146 4303 268 4363 omnipotens
286 4307 365 4361 Pater,
376 4308 404 4349 ut
413 4303 574 4348 intercedente
585 4303 654 4347 beato
669 4303 775 4360 Georgio
790 4306 895 4359 martyre
912 4307 963 4358 tuo,
978 4304 1160 4350 resurrectionis
1176 4306 1227 4365 ejus
1244 4308 1318 4354 simus

146 4361 254 4425 adapes,
264 4367 335 4423 cujus
348 4377 431 4408 sumus
442 4367 518 4407 morte
527 4362 650 4420 redempti.
682 4362 728 4406 Per
740 4361 877 4406 Dominum.

190 4421 241 4470 This
250 4438 334 4482 agrees
344 4423 405 4468 with
415 4422 456 4467 the
468 4421 560 4467 Sarum.
