2910 4904
305 325 425 391 Passio
447 323 593 390 Domini
614 323 801 390 secuudum
822 324 1024 391 Joicuaeia.
1206 327 1270 396 227

126 492 160 551 Si
181 512 252 552 vero
272 512 360 570 super
373 493 500 550 linteum
513 498 543 550 et
556 492 594 549 ad
608 491 690 550 aliud
705 491 786 550 stilla
806 493 982 568 pervenerit,
1008 499 1150 569 quattuor
1168 493 1272 552 diebus

65 576 214 652 paeniteat.
258 574 291 632 si
309 594 403 652 usque
423 574 462 631 ad
481 573 611 645 tertium,
627 592 734 631 novem
754 573 861 650 diebus
876 575 1024 650 paeniteat.
1068 573 1101 632 Si
1119 594 1213 651 usque
1233 576 1272 633 ad

65 663 208 732 quartum
242 655 322 713 stilla
357 654 509 731 sanguinis
543 655 721 730 pervenerit,
759 654 868 730 viginti
902 654 1005 712 diebus
1038 655 1200 731 paeniteat:
1241 663 1272 714 et

65 737 240 795 linteamina
254 742 319 814 qua'e
334 736 415 793 stilla
428 735 560 811 tetigerit
573 735 671 792 tribus
683 735 799 793 vicibus
812 735 892 793 lavet
912 735 1046 793 sacerdos
1059 737 1107 794 vel
1121 737 1270 809 diaconus,

66 819 155 876 calice
169 819 329 897 supposito,
344 823 375 874 et
393 816 506 874 ablutio
520 834 588 874 cum
601 815 735 892 reliquiis
748 816 931 874 recondatur.

125 900 216 969 Item,
230 899 257 956 si
270 898 337 975 quis
350 897 449 974 aliquo
463 917 533 956 casu
546 896 622 972 gulae
636 896 845 954 eucharistiam
858 897 1023 954 evomuerit
1033 917 1043 970 3
1076 898 1207 957 vomitus
1219 899 1271 957 ille
1358 900 1359 905 '

65 981 153 1038 debet
174 979 343 1051 incinerari,
367 985 398 1036 et
415 978 527 1035 cineres
546 979 638 1053 juxta
658 977 752 1034 altare
773 975 882 1036 debent
902 978 1029 1037 recondi.
1072 980 1113 1035 Et
1133 981 1160 1037 si
1178 980 1270 1038 fuerit

64 1062 198 1133 clericus,
207 1060 375 1132 monachus,
390 1060 552 1135 presbyter,
561 1058 609 1115 vel
623 1058 771 1132 diaconus,
783 1060 979 1135 quadraginta
992 1059 1097 1119 diebus
1110 1061 1270 1136 paeniteat:

65 1142 219 1219 episcopus
239 1141 448 1218 septuaginta3
467 1139 559 1196 laicus
573 1139 704 1216 triginta.

125 1211 160 1282 Si
173 1242 243 1280 vero
257 1242 295 1279 ex
308 1217 483 1278 infirmitate
497 1221 670 1292 evomuerit,
686 1220 817 1297 quinque
831 1220 934 1278 diebus
948 1222 1096 1297 paeniteat.

126 1305 189 1374 Qui
207 1323 277 1361 vero
301 1322 362 1360 non
379 1303 454 1359 bene
476 1301 607 1359 custodit
628 1308 855 1373 sacramentnm,
878 1302 923 1359 ita
936 1302 1015 1378 quod
1032 1323 1098 1360 mus
1119 1304 1168 1360 vel
1186 1304 1268 1361 aliud

65 1381 176 1443 animal
190 1383 325 1455 comedit,
341 1383 539 1460 qnadraginta
553 1382 656 1440 diebus
670 1383 818 1459 paeniteat.
1231 1450 1234 1458 Ι

125 1466 187 1536 Qui
211 1470 311 1523 autem
334 1464 497 1541 perdiderit
514 1463 598 1535 illud,
624 1463 674 1520 vel
693 1483 761 1540 pars
785 1464 848 1540 ejus
869 1463 1006 1521 ceciderit
1033 1471 1064 1521 et
1090 1484 1149 1522 non
1177 1465 1270 1523 fuerit

63 1548 197 1617 inventa,
218 1547 344 1624 triginta
364 1545 469 1603 diebus
497 1544 645 1620 paeniteat.
700 1543 812 1601 Eadem
830 1544 1002 1620 paenitentia
1021 1546 1141 1603 videtur
1160 1545 1268 1622 diguus

64 1628 198 1686 sacerdos
221 1647 274 1704 per
294 1627 377 1701 cujus
397 1625 609 1702 negligentiam
627 1631 802 1701 putrescunt
821 1625 925 1683 hostiae
946 1633 1131 1684 consecratae:
1153 1627 1269 1686 *dictus

63 1716 165 1766 antem
186 1707 349 1785 paenitens*
371 1706 458 1764 debet
477 1706 622 1782 jejunare,
642 1713 673 1764 et
699 1727 717 1764 a
744 1707 948 1764 communione
975 1714 1006 1764 et
1032 1727 1050 1764 a
1073 1707 1269 1767 celebratione
1328 1739 1329 1743 ,

61 1791 220 1848 abstinere.
277 1788 413 1847 Pensatis
439 1793 541 1845 tamen
556 1783 921 1845 'circumstantiis-delicti
947 1795 977 1844 et
1003 1806 1143 1867 personae,
1169 1796 1269 1866 potest

62 1871 160 1929 minui
192 1870 241 1927 vel
271 1870 373 1946 augeri
399 1867 573 1944 paenitentia
603 1868 752 1944 praedicta,
783 1869 944 1926 secundum
967 1868 1124 1928 arbitrium
1148 1870 1269 1929 discreti

63 1951 245 2009 confessoris.
308 1950 377 2007 Hoc
396 1957 498 2007 tamen
517 1948 678 2006 tenendum
699 1956 752 2022 est,
782 1949 862 2025 quod
882 1950 1050 2026 ubicunque
1070 1951 1267 2010 inveniuntur

63 2033 174 2108 species
196 2031 373 2089 sacramenti
392 2031 525 2106 integrae,
548 2035 718 2087 reverenter
741 2031 890 2087 sumendae
909 2038 980 2087 sunt
990 2051 999 2103 3
1034 2033 1113 2109 quod
1144 2034 1170 2091 si
1204 2033 1268 2091 sine

63 2113 195 2189 periculo
208 2113 271 2170 fieri
286 2131 347 2170 non
360 2118 466 2188 potest,
482 2116 553 2168 sunt
566 2116 668 2168 tamen
681 2130 734 2186 pro
748 2110 883 2187 reliquiis
896 2113 1089 2173 reservandae.

125 2193 206 2252 Item
226 2194 252 2250 si
261 2193 358 2251 hostia
371 2192 419 2249 vel
432 2211 500 2269 pars
513 2192 617 2249 hostiae
637 2192 760 2249 inventa
773 2191 864 2249 fuerit
882 2194 938 2250 sub
950 2193 1030 2269 palla
1043 2195 1091 2252 vel
1105 2195 1249 2271 corporali
1260 2216 1269 2268 3

63 2283 93 2332 et
116 2275 274 2332 dubitatur
297 2275 322 2330 si
344 2279 388 2331 est
413 2279 580 2330 consecrata
603 2273 652 2330 vel
678 2292 759 2330 non:
780 2272 867 2330 debet
888 2293 953 2330 eam
979 2281 1045 2351 post
1072 2276 1271 2352 sumptionem

62 2356 216 2433 sanguinis
230 2360 398 2412 reverenter
408 2373 532 2427 sumere,
542 2359 579 2410 ut
592 2353 624 2410 in
637 2353 727 2411 titulo
742 2357 759 2386 “
770 2353 806 2411 de
820 2354 1014 2412 celebratione
1022 2356 1118 2414 missae
1123 2357 1137 2383 ''
1152 2358 1269 2434 plenius

62 2456 204 2494 mvemes.

124 2517 205 2576 Item
227 2517 304 2574 circa
324 2515 477 2573 materiam
499 2515 659 2592 sanguinis,
683 2514 752 2572 vide
774 2534 812 2572 ne
834 2516 873 2573 sit
892 2523 1015 2593 agresta,
1037 2517 1085 2575 vel
1098 2518 1203 2575 vinum
1224 2520 1269 2577 ita

62 2597 160 2656 debile
194 2597 274 2674 quod
304 2596 496 2653 nullomodo
528 2596 636 2654 habeat
663 2597 788 2673 speciem
815 2598 879 2654 vini
889 2616 898 2669 3
940 2616 978 2654 ne
1005 2597 1045 2654 sit
1072 2618 1149 2674 aqua
1175 2599 1268 2658 rubea

62 2698 201 2757 expressa
224 2678 261 2735 de
280 2697 379 2754 panno
401 2677 529 2735 intincto
552 2677 585 2733 in
607 2677 677 2734 vino
695 2678 787 2734 rubeo
799 2697 808 2749 3
837 2697 875 2735 ne
895 2677 935 2735 sit
958 2683 1074 2735 acetum
1093 2679 1141 2736 vel
1161 2679 1267 2739 vinum

62 2761 185 2817 omnino
198 2763 388 2834 corruptum3
404 2777 443 2815 ne
456 2758 495 2815 sit
505 2757 658 2830 claretum,
669 2758 717 2816 vel
727 2758 832 2815 vinum
842 2759 878 2816 de
888 2758 978 2816 moris
991 2765 1044 2816 aut
1056 2759 1266 2838 malogranatis

61 2841 229 2899 confectum
241 2861 247 2898 :
269 2839 338 2916 quia
351 2858 453 2895 veram
468 2839 593 2916 speciem
605 2839 671 2896 vini
688 2858 749 2896 non
762 2840 900 2898 retinent.

123 2920 288 2979 conficiens
302 2939 368 2978 cum
382 2919 452 2976 vino
466 2919 545 2996 quod
558 2920 649 2977 estin
657 2920 707 2976 via
720 2920 915 2997 corruptionis
929 2921 977 2978 vel
990 2921 1028 2981 ad
1037 2922 1263 2999 corruptionem,

59 3002 233 3077 gravissime
246 3006 354 3078 peccat,
369 3000 440 3058 licet
453 2998 589 3058 conficiat
601 3021 610 3073 3
631 3001 771 3077 quoniam
785 3022 846 3059 non
859 3001 969 3060 retinet
981 3002 1106 3078 speciem
1120 3003 1191 3061 vini.

123 3084 204 3141 ltem
227 3082 391 3140 cavendum
412 3087 458 3138 est
478 3101 516 3138 ne
537 3088 703 3158 apponatur
725 3081 783 3140 uisi
805 3083 953 3141 modicum
976 3084 1012 3141 de
1030 3104 1106 3160 aqua
1117 3105 1127 3158 3
1149 3085 1220 3161 quia
1239 3087 1280 3143 si*

60 3171 183 3221 tantum
192 3169 351 3240 poneretur
361 3161 440 3238 qnod
453 3163 578 3238 speciem
591 3163 657 3219 vini
665 3163 792 3234 tolleret,
806 3184 867 3221 non
881 3165 1080 3224 conficeretur.

124 3245 214 3317 Item,
225 3245 250 3302 si
264 3264 322 3320 qua
336 3244 384 3301 hic
398 3243 513 3315 desunt,
523 3244 715 3320 requirantur
727 3244 761 3301 in
775 3244 897 3303 Summa
907 3252 938 3303 et
951 3246 1079 3307 Lectura
1093 3246 1265 3307 Hostiensis

60 3327 94 3382 in
108 3325 199 3385 titulo
215 3325 281 3383 “de
295 3324 491 3382 celebratione
504 3323 707 3388 missarum.'’†

434 3664 526 3723 From
546 3663 634 3723 MSS.
659 3664 693 3739 0,
715 3665 754 3739 D,
776 3665 840 3724 ared
861 3667 894 3724 Ε.

275 3779 387 3837 Pissro
407 3778 529 3838 Donrrr
549 3795 659 3837 uosrnr
680 3797 845 3839 secuuntur
866 3780 1048 3840 Jonsuunn.

122 3896 211 3954 Istud
224 3893 421 3970 Euangeliou
441 3894 630 3970 compositum
641 3892 709 3969 fuit
724 3914 780 3970 per
792 3895 956 3954 Dominum
970 3894 1137 3956 Joleuuueui
1152 3917 1265 3974 papum

62 3979 230 4036 tricesimum
243 3976 402 4034 secuudum
414 3975 455 4034 cei
465 3975 642 4033 Aceuuueru
653 3976 734 4034 tertio
748 3977 795 4034 die
808 3985 875 4035 urite
889 3978 1032 4036 decessum
1045 3998 1132 4036 suum
1140 4000 1197 4054 pro
1208 4000 1264 4054 quo

63 4058 229 4135 composuit,
255 4065 282 4115 et
308 4057 441 4115 couuesit
462 4057 597 4115 omuibus
623 4056 706 4114 istud
731 4057 891 4117 dicentibus
911 4058 955 4118 vei
980 4057 1176 4133 sortientibus,
1202 4081 1263 4119 uere

62 4140 197 4216 confessis
210 4147 237 4196 et
249 4137 381 4197 contritis
395 4157 445 4197 ccc.
462 4136 524 4196 dies
537 4136 735 4212 indulgentie.

122 4221 162 4278 In
184 4219 237 4278 illo
258 4224 400 4295 tempore,
414 4218 623 4295 Appreheudit
642 4218 758 4277 Pilatus
771 4219 793 4277 J
794 4239 877 4277 esum
890 4227 920 4278 et
941 4220 1102 4298 flagellavit
1126 4241 1193 4279 eum
1202 4242 1211 4295 3
1231 4229 1263 4281 et
1293 4291 1295 4295 ¹

63 4302 171 4360 milites
192 4299 353 4377 plectentes
367 4318 505 4357 coronam
518 4299 555 4356 de
576 4299 669 4375 spinis
690 4301 894 4377 imposuerunt
915 4322 1003 4381 super
1020 4308 1110 4380 caput
1123 4304 1208 4380 ejus:
1231 4311 1262 4362 et

327 4428 341 4451 ¹
358 4425 488 4472 Sarum-“
496 4427 569 4472 dictis
578 4429 659 4472 eutem
668 4428 752 4475 diebus
761 4431 901 4486 paenitens.”

327 4487 340 4548 †
357 4486 420 4533 Here
430 4486 478 4532 end
487 4485 528 4533 the
538 4486 636 4547 printed
645 4487 748 4535 editions
759 4489 783 4535 ol
798 4490 839 4536 the
850 4490 941 4537 Missol.
