2910 4904
565 361 661 425 Festa
682 359 873 424 Febr-uarii.
1040 334 1041 337 Ἴ
1198 356 1201 362 ’
1277 361 1320 434 23

188 577 375 635 Ssucrorruu
394 592 611 634 consessorum
631 575 771 632 Vnnssm
792 592 830 631 nr
850 576 991 632 Ausum.
1035 573 1108 654 (viii.
1126 576 1170 632 Id.
1187 573 1273 652 Feb.)

185 700 327 776 Officium.
372 700 542 757 Sacerdotes
556 701 618 775 ejus
633 699 803 755 induantur.

185 781 295 839 Oratio.
340 780 431 852 Deus,
448 781 500 856 qui
513 800 567 836 nos
581 787 749 836 sanctorum
764 778 969 838 confessorum.

183 863 324 937 Epistola.
368 862 473 919 Plures
487 862 559 918 sacti
573 868 642 918 sunt
656 861 827 918 sacerdotes

185 942 302 1000 Grodal
316 987 321 999 .
367 943 536 999 Sacerdotes
551 943 622 1018 ejus.

183 1024 334 1098 Alleluya.
384 1024 414 1081 V.
438 1023 608 1099 Fulgebunt
620 1024 705 1099 justi.

183 1105 387 1179 Eooaqeliam.
431 1105 499 1160 Sint
513 1105 608 1160 lumbi
621 1104 713 1161 vestri
726 1123 816 1177 usquc
831 1105 872 1160 od
886 1103 966 1160 filius
980 1102 1110 1159 hominis
1123 1102 1232 1159 veniet.

186 1185 378 1258 Offcrtore'um.
422 1185 632 1241 Exsultabunt.

186 1267 370 1324 Connnuaio.
414 1267 435 1323 J
438 1272 572 1323 ustorum
586 1266 700 1322 animae.

210 1451 338 1509 Siscia
360 1450 559 1521 Sconnsrrcs,
582 1464 717 1505 nisenus
738 1464 800 1505 sou
822 1462 981 1503 ussarius.
1027 1446 1077 1523 (iv.
1094 1445 1139 1503 Id.
1156 1444 1241 1516 Feb.)

189 1565 330 1639 Qffice’arn.
374 1565 517 1621 Dilexisti
527 1564 687 1640 justitiam.

187 1647 299 1704 Oratio.
343 1646 536 1721 Omnipotens
550 1645 727 1721 sempiterne
742 1644 831 1700 Deus,

187 1727 329 1802 Epistola.
375 1727 434 1795 Qui
447 1727 599 1803 gloriatur.

189 1808 326 1866 Grodole.
370 1808 521 1864 Dilexisti.

187 1889 337 1964 Alleluya.
388 1889 416 1948 V.
439 1888 586 1944 AEmulor.

187 1969 391 2044 Evoaqcliam.
435 1969 538 2026 Simile
552 1975 597 2025 est
610 1987 734 2043 regnum
749 1967 887 2024 caelorum
902 1966 1002 2023 decem
1017 1964 1192 2041 virginibus.

191 2051 386 2124 Offirtoriam.
431 2050 609 2121 Offerentur,
625 2049 732 2106 otinas.

189 2131 372 2190 Communia
417 2131 556 2205 Quinque
569 2130 734 2206 prudentes.

311 2312 422 2370 Senem
443 2312 629 2383 Vsnsumm,
652 2328 814 2368 immunis.
858 2309 930 2388 (xvi.
954 2311 1024 2368 Kal.
1041 2309 1145 2390 Mart.)

191 2426 332 2500 Officium.
376 2427 416 2483 Iu
429 2426 542 2482 virtute
556 2432 617 2487 trra.

192 2506 302 2564 Oratio.

190 2588 312 2660 Praesta,
349 2607 524 2664 quaesumus,
561 2586 747 2663 omnipotens
782 2587 873 2657 Deus,
911 2593 946 2643 ut
980 2588 1032 2663 qui
1066 2586 1146 2644 beati
1174 2586 1332 2644 Valentini

127 2670 270 2743 martyris
284 2669 330 2726 tui
343 2669 481 2725 natalitia
495 2668 625 2739 colimne,
641 2669 782 2726 acunctis
799 2668 893 2741 malis,
909 2669 1141 2740 imminentibus,
1157 2668 1220 2742 ejus
1242 2669 1331 2725 inter-

125 2750 259 2808 cessione
273 2751 440 2807 liberemur.
484 2749 543 2807 Per
557 2749 729 2815 Dominum.

190 2831 333 2906 Epistola.

189 2912 371 2969 Benedictus
385 2911 467 2968 Deus
485 2919 515 2968 et
533 2910 624 2968 Pater
638 2912 762 2968 Domini
776 2911 871 2968 nostri
884 2910 958 2969 Jesu
973 2911 1094 2985 Christi,
1109 2912 1162 2988 qui
1178 2911 1332 2969 benedixit
1375 2972 1376 2975 ,

126 3013 190 3051 nos.

192 3072 328 3131 Gradole.
372 3073 483 3130 Beatus
496 3073 551 3130 vir.

188 3154 342 3230 Alleluya.
393 3154 422 3212 V.
446 3154 548 3210 Gloria
562 3154 725 3211 ethonore.

194 3235 244 3293 Vel
259 3236 392 3307 Tractus,
408 3235 434 3292 si
447 3233 531 3308 infra
545 3233 793 3310 Septaoyesimom
807 3235 935 3293 evocarit.
980 3235 1176 3293 Desiderium.

188 3317 392 3390 Evangeliam.
435 3314 603 3373 Secundam
616 3317 800 3374 inaccessam.
844 3316 876 3373 si
891 3317 957 3392 quis
970 3317 1037 3374 vult
1051 3323 1118 3392 post
1132 3337 1179 3373 me
1194 3316 1302 3373 venire.

192 3397 390 3471 Offertoriura.
433 3397 473 3454 In
487 3397 602 3454 virtute
612 3403 673 3454 tua.
996 3399 1000 3406 ’

191 3478 316 3536 Secreto.

190 3559 317 3630 Oblatis,
334 3557 471 3629 Domine,
487 3559 603 3633 placare
617 3559 797 3630 muneribus,
813 3565 843 3615 et
858 3559 1057 3616 intercedente
1068 3559 1154 3616 beato
1169 3557 1333 3616 Valentino

126 3647 263 3714 martyre
277 3646 338 3711 tu0,
354 3659 372 3696 a
386 3639 499 3696 cunctis
513 3659 566 3696 nos
581 3640 704 3697 defende
718 3640 864 3716 periculis.
908 3640 967 3697 Per
981 3639 1145 3700 Dominum
1155 3647 1302 3710 nostrum.

193 3721 377 3779 Commutato.
421 3721 534 3797 Magna
548 3727 593 3778 est
606 3722 708 3798 gloria.

192 3802 438 3859 Postcommunio.

195 3883 243 3939 Sit
262 3883 357 3954 nobis,
374 3882 511 3952 Domine,
527 3901 704 3957 quaesumus,
723 3882 870 3957 reparatio
890 3881 999 3939 mentis
1020 3888 1050 3939 et
1070 3882 1199 3957 corporis
1219 3881 1334 3939 caeleste

131 3965 319 4038 mysterium,
342 3969 378 4019 ut
401 3965 485 4039 cujus
509 3964 699 4039 exsequimur
722 3964 868 4020 actionem
896 3963 1057 4020 sentiamus
1082 3964 1227 4021 effectum.
1277 3962 1336 4018 Per

132 4045 306 4102 Dominum.

226 4201 344 4258 Snucro
366 4202 387 4258 J
391 4217 521 4273 celsus,
543 4203 680 4258 vmmuis
701 4219 740 4258 nr
761 4219 923 4269 siracusis.
969 4202 1042 4281 (xiv.
1060 4203 1129 4259 Kal.
1148 4202 1253 4282 Mart.)

199 4313 340 4389 Officium.
384 4315 540 4390 Loquebar
554 4315 589 4372 de
603 4322 641 4372 te.

200 4396 308 4455 Oratio.
352 4395 443 4468 Deus,
459 4397 511 4471 qui
525 4416 578 4453 nos
592 4397 686 4453 beatae
700 4396 722 4454 J
723 4397 839 4454 ulianae.

198 4475 339 4552 Epistola.
383 4477 535 4554 Sapientia
548 4477 650 4534 vincit.
