2910 4904
565 299 661 365 Festo
683 296 893 384 Septembris.

189 467 392 542 Eoonpelo'wm.
437 465 541 524 Simile
554 471 600 523 est
612 485 737 543 regnum
752 464 816 522 caeli
830 464 978 524 thesauro,

191 548 385 623 Offirtora'um.
429 546 515 616 Filiae
528 566 641 623 regum.

190 629 374 689 Communia
419 627 580 704 Principes.

204 831 391 889 Saucronuu
412 843 583 886 marinum
604 827 727 885 an1o1s
748 843 785 884 nr
805 827 959 915 Anauon.
1004 825 1058 904 (iii.
1075 827 1144 887 Kal
1162 828 1257 908 Sept.)

191 979 331 1055 Officium.
376 978 560 1054 Sapientiam
573 982 752 1037 sanctorum.

192 1061 302 1120 Oratio.

189 1141 381 1218 Majestatem
394 1146 485 1212 tuam,
498 1139 636 1210 Domine,
648 1139 793 1215 supplices
806 1138 1006 1214 deprecamur,
1015 1146 1051 1198 ut
1064 1141 1142 1199 sicut
1154 1162 1208 1200 nos
1218 1144 1333 1221 jugiter

126 1229 300 1282 sanctorum
327 1227 448 1278 tuorum
475 1220 583 1278 Felicis
609 1226 640 1277 et
663 1220 796 1278 Adaucti
819 1222 1096 1281 commemoratione
1122 1224 1263 1298 laetificas,
1288 1226 1332 1284 ita

126 1317 244 1380 semper
257 1303 472 1379 supplicatione
486 1301 633 1358 defendas,
676 1301 743 1358 Per.

188 1385 331 1460 Epistola.
373 1383 396 1441 J
396 1389 531 1440 ustorum
545 1382 659 1453 animae,
674 1382 708 1440 in
722 1381 880 1440 Communi
887 1382 1089 1458 plurimorum
1102 1386 1304 1462 apostoloram.

191 1465 328 1523 Gradalo.
371 1464 583 1521 Exsultabunt.

189 1546 341 1622 Alleluya.
390 1545 420 1603 V.
443 1544 601 1602 Mirabilis.

187 1627 393 1701 Evangelium.
436 1626 580 1700 Egressus
593 1624 615 1683 J
616 1644 682 1682 esus
696 1624 732 1682 de
745 1624 864 1700 templo.

190 1707 387 1782 offertorium.
431 1706 597 1763 Laetamini.

188 1789 312 1849 Secreta.

188 1871 323 1942 Hostias,
339 1868 476 1939 Domine,
491 1868 586 1943 plebis
606 1872 665 1924 tuae
685 1866 816 1937 intende,
832 1873 956 1943 etquas
977 1867 1010 1924 in
1030 1868 1142 1926 honore
1162 1877 1331 1930 sanctorum

125 1959 249 2009 tuorum
270 1952 378 2008 devota
395 1956 495 2007 mente
508 1948 645 2020 celebrat,
660 1948 799 2024 proficere
821 1949 878 2005 sibi
902 1948 1011 2006 sentiat
1034 1950 1072 2008 ad
1096 1952 1229 2010 salutem.
1273 1953 1332 2011 Per

128 2033 305 2091 Dominum.

189 2113 374 2173 Commutato.
416 2111 503 2180 Quod
516 2110 582 2167 dico
595 2109 687 2168 vobis.

187 2192 433 2253 Postcornmanio.

82 2331 85 2337 .
186 2276 319 2352 Repleti‚
344 2274 482 2342 Domine,
505 2271 679 2329 muneribus
703 2271 800 2344 sacris,
826 2292 1003 2347 quaesumus,
1025 2279 1060 2330 ut
1080 2275 1332 2335 intercedentibus

127 2357 238 2414 sanctis
252 2358 324 2429 tuis,
338 2356 372 2411 in
385 2355 549 2432 gratiarum
563 2371 677 2428 semper
691 2353 806 2410 actione
820 2373 997 2412 maneamus.
1041 2355 1100 2413 Per
1113 2357 1285 2416 Dominum.

208 2597 322 2655 Sinorr
342 2595 472 2666 Amani,
494 2609 629 2651 narsooar
651 2609 689 2650 ur
709 2608 915 2651 courassonrs
961 2593 1054 2670 (Prid.
1071 2595 1140 2654 Kal.
1158 2597 1252 2678 Sept.)

188 2747 332 2822 Officium.
377 2744 492 2801 Statuit
505 2744 541 2800 ei.

188 2828 299 2887 Oratio.
344 2826 401 2897 Da,
417 2843 591 2901 quaesumus,

186 2908 331 2985 Epistola.
375 2907 450 2963 Ecce
464 2905 604 2962 sacerdos.

189 2989 325 3048 Gradale.
369 2987 493 3044 Juravit
506 2986 662 3043 Dominus.

186 3072 340 3146 Alleluya.
388 3069 418 3127 V.
441 3068 548 3125 Justus
562 3065 748 3143 germinabit.

187 3151 391 3226 Evangeliant.
434 3150 536 3206 Homo
551 3148 671 3223 quidam
686 3166 812 3223 peregre.

190 3233 386 3307 Offirtorium.
430 3229 540 3287 Inveni
554 3228 662 3287 David.

189 3313 371 3372 Communia
415 3312 553 3382 Domine,
569 3309 708 3386 quinque.

270 3540 382 3598 Sason
404 3537 520 3606 Eemu,
542 3549 669 3591 assuris
690 3549 728 3589 nr
748 3548 951 3590 cournssoius.
997 3534 1079 3613 (Kal.
1096 3535 1189 3615 Sept.)

191 3689 330 3763 Officium.
376 3685 417 3743 Os
426 3685 510 3761 justi.

191 3770 300 3828 Oratio.

190 3849 345 3908 Praetende
365 3848 460 3919 nobis,
483 3864 658 3922 quaesumus
678 3844 815 3915 Domine,
837 3845 1067 3904 misericordiam
1087 3853 1179 3919 tuam,
1202 3856 1232 3908 et
1250 3852 1330 3909 beati

128 3933 230 4008 Egidii
245 3930 362 3988 abbatis
380 3929 559 3997 intercessio,
579 3928 662 4002 cujus
680 3946 733 3982 nos
754 3926 863 3982 dedisti
877 3928 1040 4002 patrocinio
1058 3929 1202 4005 adjuvari,
1221 3933 1328 4005 tribue,

129 4021 164 4072 ut
177 4014 364 4088 majestatem
379 4016 462 4066 tuam
477 4013 580 4066 exoret
593 4027 647 4083 pro
661 4007 756 4064 nobis.
799 4006 858 4065 Per
872 4008 1042 4066 Dominum.

188 4092 334 4151 Memorio
349 4093 383 4149 do
397 4099 495 4148 sancto
509 4089 619 4160 Prisco,
635 4097 771 4162 martyre.

190 4173 401 4255 [Omnipotens
423 4172 599 4246 sempiterne
623 4170 713 4240 Deua,
735 4169 880 4225 fortitudo
902 4171 1089 4242 certantium,
1111 4177 1141 4228 ct
1163 4180 1328 4249 martyrum

127 4259 234 4334 palma,
250 4254 481 4313 sollemnitatem
495 4251 644 4308 hodiernae
658 4250 718 4307 diei
731 4250 877 4325 propitius
897 4251 1022 4320 intuere,
1038 4257 1068 4307 et
1081 4253 1232 4310 ecclesiam
1246 4263 1329 4314 tuam

128 4339 265 4397 continua
282 4337 328 4394 fac
343 4334 514 4392 celebritate
528 4331 631 4403 laetari,
647 4337 677 4388 et
691 4331 898 4388 intercessione
912 4332 993 4388 beati
1006 4332 1101 4388 Prisci
1122 4337 1262 4409 martyris
1282 4340 1330 4395 tui

128 4421 261 4479 omnium
274 4418 308 4476 in
321 4423 353 4475 te
368 4414 553 4473 credentium
566 4417 637 4472 vota
650 4411 790 4488 perficias.
833 4412 892 4469 Per
905 4413 1183 4474 Dominum—MS.
1201 4414 1249 4498 E]
