2910 4904
340 310 460 375 Miscet
477 309 584 396 Offiees
598 309 694 394 from
707 308 758 375 tbc
771 309 908 394 Boupor
921 307 1111 394 Pontifleot.
1257 306 1319 372 329

362 525 401 583 Iu
422 525 614 582 Nsmvrrsrn
635 525 755 582 Domru
776 541 817 581 us
836 539 951 582 seuera
970 523 1087 581 Meam.

241 654 335 713 Misso
348 656 444 713 votiva
456 676 477 713 o
489 655 525 711 N
522 655 653 714 otioitote
665 654 789 713 Domini
801 675 892 730 acque
904 654 948 714 od
957 654 1204 730 Purrfleotioacm.

191 776 329 853 Officium.

189 859 316 916 Vultum
331 866 417 917 tuum
438 859 672 934 deprecabuntm·
692 878 792 917 omnes
811 859 919 916 divites
932 858 1043 936 plebis:
1063 858 1246 916 adducentur
1258 855 1321 932 regi

126 940 255 1016 virgines
280 946 347 1017 post
367 960 448 997 eam:
472 940 613 1016 proximae
634 942 697 1015 ejus
717 940 900 998 adducentur
919 941 976 998 tibi
996 941 1028 996 in
1049 939 1156 998 latitia
1175 947 1206 996 et
1226 937 1321 995 exsul-

127 1021 248 1079 tatione.

190 1100 334 1158 Pcolmua

187 1182 343 1239 Eructavit
356 1201 406 1238 cor
419 1202 517 1239 meum
530 1181 654 1239 verbum
667 1182 776 1239 bonum
789 1203 795 1241 :
816 1181 881 1239 dico
894 1200 947 1260 ego
961 1200 1049 1259 opera
1061 1201 1127 1240 mea
1141 1181 1210 1258 regi.

190 1263 298 1320 Oratio.
343 1262 423 1320 Deus
437 1264 488 1338 qui
502 1263 614 1334 salutis,
629 1272 656 1321 et
669 1272 760 1322 ecura
773 1263 825 1340 (ot
837 1283 938 1339 surpra,
952 1263 1009 1322 vol.
1024 1263 1053 1319 ii
1069 1283 1097 1339 p.
1115 1262 1199 1340 161).

187 1344 236 1400 Ad
251 1344 352 1400 Titum
366 1344 427 1421 (itt.
445 1346 492 1401 4-7
495 1346 519 1420 )

188 1423 363 1482 Carissime:
395 1425 544 1499 Apparuit
568 1424 733 1501 benignitus
759 1445 849 1499 amque
875 1426 916 1482 ad
943 1444 1023 1501 spem
1048 1425 1117 1481 vitae
1144 1429 1261 1481 aeternae
1287 1421 1321 1479 in

125 1503 246 1561 Christo
260 1505 281 1562 J
283 1525 333 1562 esu
349 1504 478 1562 Domino
492 1511 600 1562 nostro.

189 1585 323 1643 Grodote.

189 1666 342 1741 Speciosus
355 1666 449 1723 forma
462 1686 522 1741 prae
536 1665 604 1723 filiis
617 1665 788 1724 hominum:
809 1666 915 1725 diffusa
928 1672 972 1724 est
985 1666 1080 1744 gratia
1093 1665 1126 1723 in
1139 1664 1224 1722 labiis
1237 1663 1305 1722 tuis.

133 1745 163 1804 V.
190 1747 347 1804 Eructavit
374 1767 423 1803 cor
449 1766 548 1804 meum
575 1749 698 1804 verbum
725 1749 852 1806 bonum:
884 1748 949 1806 dico
970 1766 1023 1824 ego
1046 1766 1133 1824 opera
1154 1765 1220 1804 mea
1242 1743 1321 1822 regi:

126 1827 309 1964 fingffllnlffl
321 1828 449 1885 calamus
464 1828 564 1885 scribae
578 1828 718 1885 velociter
730 1828 890 1887 scribentis.

245 1928 260 1965 e
273 1928 337 1983 uya.

187 1989 355 2046 »Secundum
369 1990 481 2046 Locum
494 1990 543 2066 (ii.
562 1990 675 2065 15-20).

188 2070 228 2126 In
248 2070 299 2126 illo
320 2077 460 2146 tempore,
484 2070 619 2127 Pastores
640 2070 836 2147 loquebantur
859 2070 898 2128 ad
921 2069 1048 2128 invicem
1069 2090 1160 2145 usque
1183 2069 1223 2127 od
1246 2066 1323 2125 sicut

125 2151 241 2207 dictum
255 2151 349 2207 estad
363 2151 435 2209 illos.

189 2230 383 2306 Offirtorium.

188 2312 359 2370 Offerentur
372 2312 433 2389 regi
446 2311 574 2388 virgines
587 2318 654 2387 post
668 2332 750 2370 eam:
772 2313 913 2388 proximae
928 2313 990 2388 ejus
1004 2313 1164 2370 offerentur
1176 2310 1240 2368 tibi.

188 2392 309 2451 Secreto.

188 2473 312 2543 Oblatis,
329 2473 464 2544 Domine,
486 2473 666 2546 muneribus,
687 2473 860 2550 suppliciter
880 2473 1077 2550 deprecamur,
1092 2477 1128 2529 ut
1149 2470 1202 2549 qui
1221 2488 1323 2528 verani

126 2553 222 2611 Verbi
243 2555 289 2610 tui
310 2554 543 2611 incarnationem
570 2554 698 2612 fideliter
717 2574 901 2627 veneramur,
922 2573 1023 2612 veram
1043 2554 1107 2629 ejus
1126 2550 1324 2610 substantiam

123 2635 222 2692 carnis
236 2654 269 2691 ac
283 2636 443 2711 sanguinis,
458 2655 546 2711 quam
566 2655 619 2711 per
640 2635 785 2712 Spiritum
803 2636 945 2694 Sanctum
961 2636 1044 2712 virgo
1065 2640 1160 2691 mater
1172 2632 1274 2706 edidit,
1289 2631 1323 2690 in

124 2716 181 2772 hoc
194 2717 333 2791 praesenti
347 2716 486 2791 mysterio
500 2716 657 2774 salubriter
669 2716 871 2792 percipiamus.
913 2716 972 2774 Per
985 2715 1119 2774 eundem.

190 2796 372 2854 Communia

188 2877 304 2934 Diffusa
327 2887 372 2935 est
395 2878 491 2954 gratia
512 2878 544 2934 in
566 2878 651 2935 labiis
675 2877 749 2935 tuis:
777 2885 931 2954 propterea
958 2877 1111 2935 benedixit
1134 2884 1164 2934 te
1187 2876 1268 2934 Deus
1290 2875 1323 2933 iu

126 2963 280 3015 aeternum.

188 3039 430 3096 Postcouuuouio.

188 3120 245 3191 Da,
269 3138 444 3195 quaesumus,
470 3119 633 3177 misericors
660 3119 751 3192 Deus,
780 3121 843 3196 ejus
868 3138 922 3178 nos
949 3120 1090 3178 continua
1117 3118 1323 3177 intercessione

126 3200 266 3276 vegetari,
289 3201 373 3276 cujus
393 3201 508 3275 integra
528 3201 700 3276 virginitate
722 3201 900 3277 suscepimus
923 3208 1072 3258 auctorem
1092 3205 1201 3258 nostrie
1221 3199 1324 3258 salutis

127 3280 291 3340 Dominum
305 3290 440 3338 nostrum
453 3281 475 3338 J
477 3300 559 3337 esum
573 3281 725 3339 Christum
739 3282 850 3338 Filium
863 3288 957 3339 tuum.
1001 3281 1061 3352 Qui
1071 3286 1176 3339 tecum.

536 3483 637 3540 Missa
658 3500 714 3542 rso
736 3485 919 3543 Duruucms

189 3612 329 3687 Officium.
374 3612 527 3688 Requiem,
543 3623 570 3671 et
583 3623 674 3672 cetera
687 3615 739 3686 (ut
753 3635 853 3690 supro,
869 3615 924 3673 vol.
941 3614 970 3674 ii
987 3635 1015 3692 p.
1033 3615 1116 3693 183).

187 3693 333 3753 Pratum.
377 3693 417 3750 Te
431 3694 521 3765 decet,
537 3704 563 3753 et
576 3704 665 3753 cetero
679 3695 786 3774 (ibid.)

189 3774 298 3832 Oratio.
343 3774 467 3845 Inclina,
482 3785 508 3832 et
521 3785 612 3833 cetero
625 3776 732 3855 (ibid.)

187 3855 284 3913 Lectio
299 3856 367 3913 titrt
380 3856 621 3914 Mocbobaeomoa.
665 3855 724 3913 Vir
736 3857 913 3916 fortissimus
926 3858 1030 3930 tuclus,
1045 3868 1071 3918 et
1085 3868 1175 3918 cetero
1188 3857 1296 3934 (thid.)

187 3936 283 3994 Lectio
295 3936 366 3994 libri
379 3937 454 3994 beati
466 3935 493 3991 J
490 3935 614 3995 oloronis
627 3936 767 4014 Apostoli.

188 4016 228 4072 In
242 4017 344 4074 diebus
357 4017 424 4088 illis,
439 4017 554 4074 Audivi
567 4038 676 4090 vocem,
690 4028 716 4076 et
731 4029 821 4077 cetero
835 4020 875 4098 (p.
893 4019 972 4098 184).

189 4096 324 4155 Grodole.
369 4098 521 4173 Requiem.

133 4178 162 4235 V.
188 4178 328 4248 Absolve,
344 4187 369 4235 ct
383 4189 480 4235 cetero.

191 4258 321 4317 Tractus.
365 4260 411 4316 De
426 4260 586 4335 profundis,
603 4270 628 4319 ct
643 4270 739 4319 cetero.

188 4338 356 4397 ›S'ecuortum
369 4340 395 4395 J
393 4340 542 4398 oberrarem.

189 4420 227 4476 In
241 4420 293 4478 illo
306 4428 445 4497 tempore,
462 4422 549 4479 Dixit
563 4422 684 4480 Martha
698 4423 734 4480 ad
751 4424 865 4495 desum,
880 4433 906 4481 et
920 4433 1017 4482 cetero.
