2910 4904
587 308 685 379 rata
704 309 863 396 Anynsti.

284 544 396 604 Siron
417 543 570 617 Oswannr,
592 559 680 601 murs
701 519 920 600 sinisiram.
964 539 1055 619 (Non.
1071 522 1163 620 Aug.)

186 688 328 767 Officimn.
372 691 657 769 Laetabiturjustus.

187 773 297 830 Oratio.

187 852 383 930 Omnipotens
400 853 577 929 sempiterne
594 853 685 925 Deus,
702 852 754 928 qui
773 852 862 929 hujus
881 851 940 910 diei
955 852 1116 928 jocundam
1136 851 1272 909 laetitiam
1292 851 1325 907 in

125 934 221 992 sancti
242 935 320 991 servi
342 934 388 990 tui
411 935 540 992 Oswaldi
561 934 696 1010 passione
718 933 910 1006 consecrasti,
935 934 972 991 da
994 933 1129 991 cordibus
1150 933 1259 990 nostris
1278 933 1326 989 tui

126 1015 236 1073 amoris
259 1015 449 1091 caritatisque
476 1022 668 1092 augmentum
679 1036 687 1088 ;
716 1021 751 1073 ut
775 1016 858 1093 cujus
881 1015 914 1071 in
941 1016 1028 1071 terris
1052 1014 1148 1073 sancti
1174 1013 1327 1091 sanguinis

127 1096 300 1154 effusionem
314 1097 503 1167 celebramus,
517 1097 598 1154 illius
616 1097 648 1153 in
666 1097 736 1154 caelo
758 1097 865 1154 collata
886 1096 1050 1171 patrocinia
1071 1091 1221 1153 mentibus
1239 1094 1327 1152 senti-

128 1197 221 1234 amus.
264 1176 331 1234 Per.

187 1258 335 1316 Memmia
347 1259 382 1316 dc
395 1266 494 1315 sancto
508 1258 601 1316 Petro.

188 1339 331 1415 Epistola.
374 1339 485 1396 Beatus
498 1339 546 1396 vir
559 1338 611 1415 qui
624 1339 772 1396 inventus.

191 1419 327 1478 Grndalc.
371 1420 509 1477 Posuisti.

187 1502 338 1577 Alleluya.
388 1500 418 1560 V.
440 1501 504 1559 Iste
517 1505 644 1559 sanctus.

188 1582 355 1657 Sequentia.
399 1581 561 1658 Organicis,
576 1590 611 1638 nt
624 1582 658 1638 in
673 1580 837 1639 Communi.

188 1664 391 1738 Evangelinm.
434 1663 601 1721 Secundam
614 1663 733 1720 Lucam.
764 1663 810 1720 'si
824 1663 890 1738 quis
903 1663 976 1720 vult.

191 1743 385 1818 Offertorinm.
427 1744 566 1802 Posuisti.

190 1824 312 1884 Secreta.

190 1907 277 1979 Haec,
292 1904 427 1977 Domine,
444 1925 620 1982 quaesumus,
635 1925 767 1975 munera,
782 1925 847 1981 quae
866 1905 898 1961 in
912 1905 991 1962 beati
1009 1904 1140 1962 Oswaldi
1161 1923 1331 1962 commemo-

128 1986 247 2045 ratione
260 1993 320 2044 tuae
334 1988 483 2062 majestati
497 1987 655 2060 offerimus,
669 1987 814 2063 benignus
828 2006 951 2044 assume.
994 1985 1060 2045 Per.

192 2067 376 2127 Communia
420 2068 531 2145 Magna
544 2074 597 2126 est.

190 2149 435 2208 Postcommnnio.

191 2230 315 2302 Praesta,
335 2249 511 2307 quaesumus,
536 2228 721 2305 omnipotens
744 2228 834 2299 Deus,
853 2235 889 2285 ut
909 2229 987 2305 quod
1008 2234 1109 2286 nostra
1130 2227 1253 2285 scientia
1273 2246 1332 2283 non

129 2312 294 2387 praesumit,
309 2313 372 2388 ejus
386 2312 438 2386 qui
451 2312 507 2367 tibi
528 2311 656 2367 fideliter
676 2311 800 2367 servivit
821 2310 1038 2368 interveniente
1059 2309 1179 2382 auxilio,
1194 2308 1334 2384 consequi

132 2411 307 2450 mereamur.
351 2392 409 2449 Per
423 2390 595 2448 Dominum.

300 2597 412 2656 sinon
435 2597 530 2670 err1,
553 2614 638 2654 ruris
659 2614 696 2662 ur
720 2614 879 2655 murinis.
924 2597 997 2674 (viii.
1014 2596 1059 2653 Id.
1075 2596 1168 2673 Aug.)

195 2739 338 2816 Officium.
381 2741 551 2799 Sacerdotes
563 2741 617 2796 tui.

196 2823 307 2881 Oratio.

194 2904 286 2974 Deus,
302 2903 354 2980 qui
368 2902 511 2978 conspicis
526 2903 596 2977 quia
609 2922 648 2958 ex
661 2902 745 2958 nulla
758 2908 860 2958 nostra
868 2902 981 2958 virtute
991 2902 1177 2959 subsistimus
1189 2921 1198 2974 3
1212 2901 1336 2957 concede

133 2985 289 3061 propitius,
316 2990 352 3041 ut
378 2984 587 3041 intercessione
607 2983 688 3039 beati
709 2983 797 3053 Sixti,
822 2983 962 3059 martyris
988 2983 1035 3040 tui
1061 2988 1152 3058 atque
1178 2982 1334 3058 pontificis

135 3072 239 3123 contra
253 3065 353 3121 omnia
366 3065 489 3122 adversa
501 3065 678 3120 muniamur.

194 3145 308 3204 Eodem
322 3146 369 3202 dic
381 3154 547 3204 sanctornm
560 3144 735 3203 Felicissimi
749 3154 774 3201 ct
787 3143 917 3220 Agapiti.

195 3227 288 3298 Deus,
305 3227 424 3302 quinos
440 3226 573 3285 concedis
594 3231 760 3283 sanctorum
783 3231 948 3301 martyrum
969 3232 1089 3282 tuorum
1111 3225 1288 3282 Felicissimi
1308 3232 1337 3280 et

136 3308 263 3385 Agapiti
289 3308 428 3364 natalitia
454 3308 565 3380 colere;
596 3306 634 3362 da
660 3306 746 3362 nobis
773 3307 803 3363 in
833 3313 943 3364 aetema
970 3307 1153 3364 beatitudine
1177 3307 1213 3364 de
1237 3325 1337 3363 eorum

136 3391 277 3447 societate
290 3388 424 3465 gaudere.
468 3389 533 3445 Per.
576 3386 637 3446 snt
651 3407 715 3444 nno
729 3388 913 3446 conclusione.
1025 3403 1027 3408 '

198 3470 345 3528 Memoria
359 3471 394 3526 de
407 3478 504 3526 sancto
518 3469 612 3527 Petro.

198 3550 341 3628 Epistola.
385 3550 542 3607 Justorum
555 3551 669 3608 animae.
761 3589 763 3594 ·

201 3630 339 3690 Gradaic.
382 3631 552 3688 Sacerdotes
567 3632 637 3706 ejus.

199 3713 352 3788 Alleluya.
400 3712 429 3770 V.
452 3712 586 3787 Diposui.

200 3793 405 3873 Euangelinm.
448 3793 523 3850 Ecce
537 3812 589 3868 ego
603 3792 692 3849 mitto
706 3813 765 3850 vos.

202 3874 396 3949 Offertorimn.
440 3874 590 3932 Mirabiiis
604 3874 694 3931 Deus.

200 3955 323 4014 Secreto.

204 4037 364 4096 Sacrificiis
384 4036 586 4112 praesentibus,
604 4036 742 4106 Domine,
758 4055 933 4112 quaesumus,
954 4036 1076 4094 intende
1092 4035 1234 4112 placatus
1256 4037 1291 4088 ut
1312 4038 1342 4088 et

141 4119 293 4179 devotioni
307 4123 417 4175 nostrae
431 4118 586 4194 proficiant
599 4124 630 4176 et
644 4118 742 4175 saluti.

201 4198 273 4256 Alio
285 4198 401 4257 Secreta
414 4199 466 4255 snb
480 4200 578 4256 cadem
592 4199 776 4258 conclusione.

201 4281 333 4338 Munera
346 4280 413 4350 tibi,
428 4279 565 4352 Domine,
581 4286 690 4338 nostrae
704 4280 870 4338 devotionis
890 4279 1047 4350 offerimus,
1062 4298 1127 4353 quae
1148 4297 1201 4354 pro
1222 4282 1341 4333 tuorum

142 4362 200 4420 tibi
209 4367 294 4436 grata
304 4361 367 4418 sint
377 4361 489 4418 honore
498 4362 648 4438 justorum
659 4368 689 4419 et
697 4362 783 4418 nobis
793 4361 943 4432 salutaria,
952 4366 983 4418 te
993 4361 1161 4431 miserante,
1170 4359 1340 4416 reddantur.

144 4443 203 4502 Per
214 4443 387 4502 Dominum.
