2910 4904
175 305 237 369 140
447 383 454 393 ι
523 302 572 365 Iu
586 300 709 367 Natali
722 301 832 366 uuius
846 301 1022 386 hiertpris.

233 467 331 525 Lectio
345 468 482 544 Epistola
496 469 570 525 beati
584 468 677 525 Pauli
690 467 839 543 Apostoli:
860 468 910 526 Ad
923 468 1062 543 Ephesios
1075 469 1111 546 (i
1130 468 1207 547 3-8).

234 548 370 606 Fratres:
392 549 568 606 Benedictus
582 550 663 607 Deus
677 555 708 606 et
722 550 812 605 Pater
826 549 950 605 Domini
970 551 1065 606 nostri
1084 549 1160 607 lesu
1181 548 1306 621 Christi,
1319 547 1372 625 qui

172 630 327 687 benedixit
357 648 411 686 nos
438 650 528 705 usque
555 631 595 687 ad
628 649 693 706 quae
720 630 969 706 superabundavit
995 631 1029 686 in
1055 630 1148 703 nobis,
1179 629 1239 687 Per
1265 629 1372 687 Jesum

173 711 325 769 Christum
341 711 504 767 Dominum
518 717 661 767 nostrum.

234 790 480 848 astrictorum
498 791 534 867 (2
549 792 580 848 ii.
599 791 667 848 4-10
677 810 686 862 3
706 791 750 847 iii.
769 791 885 869 10-12).

236 872 398 938 Carissime
414 872 511 929 Nemo
525 872 657 928 militans
678 871 743 928 Deo
763 872 896 947 implicat
916 892 947 930 se
966 872 1093 949 negotiis
1109 871 1318 929 saecularibus:
1337 878 1374 929 ut

170 952 202 1011 ei
214 952 328 1027 placeat
342 952 390 1009 cui
403 972 433 1010 se
448 953 590 1027 probavit.
634 953 714 1008 Nam
728 958 758 1009 et
771 953 824 1028 qui
836 959 930 1010 certat
943 952 976 1009 in
989 972 1090 1029 agone,
1100 973 1161 1010 non
1169 952 1372 1024 coronabitur,

174 1033 233 1093 nisi
259 1033 389 1108 legitime
416 1033 580 1090 certaverit.
624 1033 823 1091 Laborantem
849 1034 1007 1110 agricolam
1033 1039 1150 1110 oportet
1176 1033 1310 1109 primum
1337 1033 1374 1091 de

174 1113 319 1171 fructibus
340 1113 496 1189 percipere.
540 1113 678 1189 Intellige
697 1133 762 1189 quae
779 1114 861 1171 dico:
882 1115 965 1171 dabit
983 1114 1063 1172 enim
1092 1115 1150 1171 tibi
1171 1114 1322 1171 Dominus
1340 1114 1375 1171 in

174 1195 311 1251 omnibus
324 1195 514 1251 intellectum
559 1194 675 1252 Memor
692 1201 753 1251 esto
773 1195 867 1271 igitur
879 1195 985 1252 Jesum
1005 1195 1157 1254 Christum
1176 1194 1375 1252 resurrexisse

173 1295 192 1333 a
205 1275 330 1332 mortuis
344 1295 381 1331 ex
396 1275 506 1332 semine
519 1275 627 1346 David,
643 1275 803 1332 secundum
820 1275 1006 1352 evangelium
1020 1295 1127 1346 meum,
1142 1276 1174 1331 in
1188 1295 1248 1352 quo
1270 1276 1373 1333 laboro

173 1376 268 1432 usque
282 1356 319 1412 ad
329 1356 447 1412 vincula
457 1357 540 1431 quasi
555 1356 629 1412 male
643 1376 784 1431 operans:
803 1357 854 1413 sed
864 1358 988 1414 verbum
1002 1357 1061 1414 Dei
1073 1376 1134 1414 non
1147 1362 1193 1414 est
1206 1356 1371 1433 alligatum.

174 1436 247 1499 Ideo
269 1436 367 1493 omnia
389 1437 519 1494 sustineo
542 1442 663 1513 propter
684 1437 798 1508 electos,
813 1442 849 1494 ut
869 1442 898 1494 et
920 1437 978 1513 ipsi
999 1437 1124 1495 salutem
1142 1442 1374 1513 consequantur,

175 1537 240 1594 quae
261 1518 357 1574 estin
383 1518 500 1574 Christo
521 1517 603 1589 lesu,
623 1537 690 1574 cum
716 1518 810 1594 gloria
830 1518 946 1575 caelesti.
989 1518 1035 1574 Tu
1055 1525 1155 1575 autem
1174 1524 1328 1576 assecutus
1341 1536 1374 1575 es

172 1618 269 1655 meam
296 1598 467 1669 doctrinam,
497 1598 724 1670 institutionem,
752 1599 944 1674 propositum,
976 1599 1073 1670 fidem,
1102 1599 1372 1674 longanimitatem,

173 1679 367 1749 dilectionem,
381 1679 564 1754 patientiam,
580 1680 802 1754 persecutiones
817 1680 982 1755 passiones:
1003 1680 1103 1755 qualia
1115 1679 1191 1736 mihi
1204 1679 1284 1737 facta
1302 1686 1375 1737 sunt

173 1759 351 1830 Antiochiae,
381 1760 477 1816 Iconii
504 1766 533 1817 et
560 1760 697 1834 Lystris:
731 1760 832 1835 quales
858 1760 1074 1835 persecutiones
1105 1760 1241 1828 sustinui,
1272 1765 1304 1818 et
1335 1780 1375 1817 ex

172 1841 309 1897 omnibus
335 1841 445 1916 eripuit
471 1860 519 1897 me
543 1841 696 1898 Dominus.
747 1841 788 1896 Et
808 1860 918 1911 omnes,
942 1841 995 1917 qui
1014 1842 1062 1919 pie
1085 1841 1192 1899 volunt
1215 1841 1319 1899 vivere
1340 1842 1374 1898 in

175 1921 293 1986 Christo
307 1922 329 1978 J
331 1941 389 1991 essi,
404 1922 636 1996 persecutionem
649 1921 809 1996 patientur.

234 2001 283 2058 Ad
299 2002 480 2058 Timotheum
493 2002 528 2075 (2
543 2002 579 2058 iv.
599 2003 646 2058 1-8
647 2003 672 2080 )

235 2082 408 2139 Carissime:
429 2083 580 2139 Testificor
593 2103 689 2139 coram
705 2082 769 2139 Deo
784 2088 813 2140 et
827 2083 849 2140 J
850 2103 901 2140 esu
915 2082 1042 2154 Christo,
1057 2083 1110 2160 qui
1122 2083 1314 2159 judicaturum
1326 2088 1375 2141 est

172 2163 256 2222 vivos
270 2170 300 2220 et
315 2173 444 2221 mortuos
458 2183 547 2239 uaque
560 2163 602 2221 acl
614 2184 674 2220 non
688 2164 784 2220 solum
805 2170 906 2221 autem
919 2164 1002 2237 mihi,
1014 2165 1065 2222 sed
1079 2170 1109 2222 et
1122 2164 1168 2223 his
1178 2164 1232 2241 qui
1241 2164 1375 2241 diligimt

175 2245 338 2303 adventum
352 2245 423 2319 ejus.

233 2326 328 2383 Lectio
341 2325 474 2400 Epistola
488 2326 562 2383 hecti
575 2325 668 2382 Pauli
680 2323 828 2400 Apostoli:
849 2323 898 2382 Ad
914 2325 1094 2384 Timotheum
1110 2325 1147 2403 (2
1160 2324 1198 2383 iv.
1218 2325 1335 2402 17-18).

235 2405 407 2463 Carissime:
437 2407 583 2463 Dominus
606 2407 680 2462 mihi
707 2406 806 2463 astitit
832 2427 922 2481 usque
946 2408 986 2464 ud
1014 2408 1062 2464 cui
1088 2406 1182 2483 gloria
1204 2406 1239 2464 in
1263 2406 1372 2465 saecnla

175 2487 354 2547 saeculorum.
397 2489 505 2543 Amen.

233 2567 283 2624 Art
299 2568 480 2625 Timotheum
493 2568 530 2645 (2
544 2569 575 2626 ii.
593 2567 689 2645 8-10).

234 2649 352 2706 Memor
365 2655 427 2706 esto
441 2649 544 2706 lesum
561 2648 713 2706 Christum
725 2667 816 2723 usque
829 2649 870 2705 ed
885 2668 952 2706 cum
965 2648 1059 2726 gloria
1072 2648 1188 2707 caelesti

234 2729 284 2787 le
298 2730 433 2788 Hehroeos
446 2730 525 2805 (aiii.
544 2729 637 2807 9-16).
838 2797 842 2803 ι

233 2811 369 2868 Fratres:
405 2811 556 2868 Doctrinis
583 2810 673 2867 variis
700 2815 730 2867 et
757 2808 918 2886 peregrinis
944 2809 1039 2867 nolite
1065 2810 1173 2868 abduci
1204 2829 1297 2886 usque
1331 2809 1373 2867 od

171 2891 296 2951 Talibus
310 2893 390 2948 enim
403 2893 507 2949 hostiis
521 2898 704 2967 promeretur
718 2892 807 2949 Deus.

238 2973 371 3030 Crudele.
1112 3018 1116 3025 .

235 3054 373 3124 Posuisti,
390 3054 527 3126 Domine,
542 3072 629 3128 super
643 3058 731 3128 caput
745 3054 808 3128 ejus
822 3072 959 3110 coronam
974 3052 1009 3109 de
1029 3052 1127 3129 lapide
1139 3052 1277 3129 pretioso.

180 3134 209 3194 V.
236 3135 422 3191 Desiderium
436 3135 541 3192 animae
556 3135 619 3209 ejus
632 3134 765 3191 tribuisti
778 3133 823 3192 ei:
845 3140 875 3191 et
889 3133 1044 3191 voluntate
1061 3133 1208 3191 labiorum
1227 3135 1293 3211 ejus
1312 3150 1373 3191 non

174 3215 320 3279 fraudasti
334 3235 409 3273 eum.

239 3296 373 3354 Grodol.

235 3378 346 3434 Beatus
359 3378 414 3449 vir,
430 3377 482 3453 qui
496 3377 582 3434 timet
596 3376 778 3435 Dominum:
799 3376 833 3432 in
846 3376 993 3433 mandatis
1007 3377 1070 3452 ejus
1084 3375 1167 3452 cupit
1180 3376 1279 3434 nimis

181 3457 211 3518 V.
238 3458 348 3516 Potens
361 3459 487 3516 interra
501 3459 558 3516 erit
572 3477 671 3516 semen
685 3459 766 3533 ejus:
787 3457 937 3535 generatio
950 3462 1098 3515 rectorum
1111 3456 1310 3517 benedicetur.

237 3540 372 3597 Grodole.

233 3621 255 3677 J
257 3627 341 3678 ustus
354 3639 415 3677 non
428 3621 672 3677 conturbabitur:
692 3620 763 3695 quia
776 3619 924 3676 Dominus
937 3618 1036 3676 firmat
1049 3637 1170 3676 manum
1183 3618 1256 3694 ejus.

180 3700 211 3762 V.
238 3702 313 3758 Tota
327 3701 374 3758 die
388 3701 542 3759 miseretur
556 3706 586 3758 et
600 3701 782 3758 commodat:
804 3707 835 3757 et
848 3720 947 3758 semen
961 3700 1023 3775 ejus
1041 3700 1074 3757 in
1087 3699 1292 3759 benedictione
1304 3700 1369 3759 erit.

238 3782 371 3840 Gradale.

233 3865 340 3922 Justus
363 3869 398 3920 ut
419 3864 518 3940 palma
541 3863 676 3921 florebit:
706 3862 782 3920 sicut
806 3863 909 3919 cedrus
933 3860 1042 3919 Libani
1069 3860 1318 3938 multiplicabitur
1339 3862 1371 3919 in

174 3945 262 4002 domo
278 3945 343 4002 Dei.

179 4026 208 4086 V
236 4027 287 4083 Ad
309 4026 547 4083 annuntiandum
570 4044 657 4082 mane
678 4024 908 4082 misericordiam
928 4028 1033 4081 tuam:
1057 4029 1088 4081 et
1108 4022 1267 4081 veritatem
1287 4028 1371 4082 biam

212 4115 364 4165 rnoctem.

175 4127 211 4188 pe
235 4189 385 4265 Alleluya.
434 4187 464 4247 V.
496 4188 662 4245 Laetabitur
679 4188 778 4263 justus
800 4187 833 4243 in
855 4186 992 4259 Domino,
1008 4191 1039 4243 ct
1060 4184 1189 4263 sperabit
1210 4185 1244 4243 in
1265 4204 1319 4244 eo:
1341 4190 1372 4243 et

173 4270 374 4333 laudabuntur
388 4289 487 4327 omnes
500 4269 574 4326 recti
587 4268 681 4326 corde.

235 4352 382 4429 Alleluya
432 4351 459 4411 V.
483 4349 622 4423 Posuisti,
638 4348 774 4423 Domine,
789 4369 876 4428 super
889 4354 978 4426 caput
990 4348 1053 4425 ejus
1069 4366 1206 4407 coronam
1219 4348 1257 4406 de
1275 4346 1372 4427 lapide

177 4432 315 4515 pretioso.
