2910 4904
558 302 653 367 Festo
675 303 881 388 Septembris.

472 468 548 544 Lege
561 468 646 526 fulsit
659 470 691 525 in
704 469 814 542 divina,

470 548 562 618 Quasi
574 550 659 606 stella
672 552 821 608 matutina

510 630 550 686 In
563 630 660 687 medio
673 631 815 706 caliginis.

471 710 565 766 Carne
580 711 682 767 vivens
696 732 812 768 carnem
825 712 900 768 mori

471 791 555 847 Fecit
568 810 623 847 usu
637 792 766 867 graviori

509 871 625 942 Victus,
642 873 732 929 vestis
746 892 861 948 asperso.

471 950 532 1008 Hic
547 952 726 1009 Outhbertus
739 959 931 1028 promeretur,

471 1031 546 1089 Caro
560 1033 658 1089 nitens
672 1035 751 1108 quod
764 1034 883 1090 videtur

511 1113 601 1170 Nune
614 1120 680 1188 post
692 1119 817 1171 mortem
830 1114 936 1171 vivere.

472 1193 519 1249 sic
533 1200 667 1269 expertes
680 1195 815 1251 sanitatis

472 1274 576 1331 Omnis
589 1294 676 1331 sexus
690 1280 720 1332 et
733 1276 828 1332 aetatis

512 1355 608 1428 soluti
621 1356 759 1413 restituit.
860 1386 864 1391 ·

472 1433 562 1492 Oaecis
572 1436 676 1508 visum,
686 1436 797 1493 claudis
807 1454 946 1513 gressum,

470 1516 521 1572 Ad
529 1516 707 1591 loquendum
717 1518 768 1574 dat
775 1537 947 1593 regressum,

512 1596 626 1664 Quibus
639 1617 733 1654 sermo
747 1599 850 1655 defuit.

472 1676 548 1733 Sunt
561 1684 592 1734 et
605 1679 698 1754 putris
711 1679 829 1735 infinite

472 1757 544 1826 Quae
557 1766 624 1833 post
637 1765 762 1816 mortem
776 1765 806 1816 et
819 1760 851 1815 in
865 1759 928 1815 vite

511 1838 643 1896 Protulit
655 1840 803 1897 miraculo

471 1918 563 1994 Cujus
577 1939 661 1995 prece
675 1921 738 1977 Deo
752 1926 843 1995 grata,

472 1999 554 2056 Stolo
563 2001 648 2056 nobis
662 2001 731 2057 vitae
745 2001 823 2070 data,

512 2080 658 2138 Vivsmus
671 2082 704 2137 in
717 2081 828 2138 saecula.

179 2202 382 2277 Euangeliou.
426 2201 489 2258 Vos
503 2203 574 2259 estis
587 2203 642 2259 lux
655 2203 759 2260 mundi
773 2222 863 2278 usque
877 2205 916 2260 (ul
931 2202 982 2279 qui
996 2202 1028 2258 in
1042 2201 1119 2258 caelis
1133 2207 1185 2258 est.

182 2283 376 2358 offertorium.
419 2283 527 2339 Inveni
540 2284 640 2340 David
654 2303 779 2342 servum.

181 2364 304 2422 Secreto.

182 2445 259 2502 Haec
279 2445 344 2514 tibi,
366 2464 540 2521 quaesumus,
556 2445 692 2517 Domine,
708 2446 788 2502 beati
812 2444 970 2503 Outhberti
993 2443 1141 2520 pontificis
1162 2444 1208 2500 tui
1228 2443 1316 2500 inter·

121 2526 251 2585 cessione
274 2545 352 2583 nunc
373 2531 457 2601 grata
481 2526 621 2583 reddatur
645 2526 763 2597 oblatio,
789 2533 819 2583 et
842 2546 895 2602 per
918 2545 982 2582 eam
1003 2525 1158 2600 gloriosam
1182 2531 1316 2582 nostrum

122 2607 300 2665 famulatum
314 2606 442 2682 purifica.
485 2606 550 2665 Per.
1096 2604 1101 2612 '

184 2687 368 2746 Communio.
410 2687 521 2744 Fidelis
535 2707 644 2745 servus.

184 2769 425 2826 Postcommuuio.

184 2849 277 2921 DeuS,
293 2850 344 2925 qui
357 2868 411 2906 nos
424 2855 592 2906 sanctorum
605 2854 725 2905 tuorum
742 2848 897 2924 temporali
917 2848 1023 2905 tribuis
1044 2847 1318 2907 commemoratione

128 2931 261 3006 gaudere,
288 2936 403 3005 praesta,
433 2950 606 3005 quaesumus,
636 2936 671 2986 ut
694 2931 780 2987 beato
806 2929 969 2986 Outhberto
991 2928 1200 2998 intercedente,
1223 2929 1256 2984 in
1283 2947 1318 2984 ea

130 3029 315 3068 numeremur
338 3017 416 3067 sorte
440 3010 552 3083 salutis,
577 3011 609 3067 in
634 3030 692 3086 qua
715 3017 785 3067 sunt
809 3010 855 3066 illi
878 3010 974 3086 gratia
1000 3015 1053 3066 tua
1080 3009 1206 3086 gloriosi.
1259 3008 1319 3065 Per

131 3090 298 3149 Dominum.

172 3325 174 3331 ·
248 3303 361 3360 Ssrcrr
383 3301 524 3372 Brsrmr,
545 3316 670 3357 Assius
690 3316 727 3356 nr
748 3314 954 3356 coursssosrs.
998 3296 1042 3374 (N
1044 3316 1088 3354 on
1105 3295 1199 3373 Sept.)

189 3433 329 3509 Officium.
374 3431 415 3503 Os
431 3431 513 3506 justi

191 3515 297 3572 Oratio
342 3513 523 3569 Intercessio.

190 3594 329 3670 Epistola.
372 3593 394 3650 J
394 3600 478 3648 ustus
492 3611 540 3648 eor
554 3611 646 3648 sunm.

192 3675 323 3732 Crudele.
367 3674 408 3730 Os
424 3672 506 3749 justi.

191 3757 335 3830 Alleluya.
383 3754 412 3812 V.
440 3754 502 3810 Iste
515 3758 638 3810 sanctus

191 3836 388 3911 Evangelium.
432 3835 528 3890 Nemo
548 3833 705 3890 lucernam.

192 3917 381 3990 offertorium.
430 3915 552 3972 Veritas.

192 3997 371 4057 Communia
413 3996 523 4053 Beatus
543 4014 651 4052 servus.

242 4212 281 4268 Iu
302 4210 433 4266 mem
453 4208 654 4266 Nsmvrrsms
675 4223 779 4264 omns
800 4207 922 4265 Murum.
966 4205 1029 4281 (vii.
1053 4205 1099 4265 Id.
1122 4203 1216 4283 Sept.)

191 4349 328 4426 Officium
373 4347 467 4418 Salve,
483 4352 583 4405 sanctu
596 4367 706 4425 parens.

192 4432 299 4490 Oratio.
344 4428 477 4487 Concede
497 4448 557 4488 nos.

171 4529 234 4572 von.
249 4529 284 4571 11.
705 4525 730 4567 Η
