2910 4904
577 288 672 352 Festa
692 286 875 353 Juuuurii.
1282 287 1322 353 13

180 508 311 565 Sine-rm
330 505 573 578 Enmnmrnnm,
594 520 731 562 vmonus
752 521 789 561 nr
810 520 972 562 smmis.
1018 507 1059 581 (x.
1078 504 1148 562 Kal.
1164 503 1250 582 Feb.)

184 637 327 714 Officium.
371 636 537 713 Loquebar.

185 718 299 780 Oratio,
341 720 433 790 Deus,
450 719 570 794 quinos
584 716 685 788 beutae,
701 717 736 773 iu
751 715 916 774 Communi.

181 800 324 876 Epistola.
369 795 675 875 Sapientialaudubit.

183 880 320 942 Grodule,
364 880 514 938 Dilexisti.

182 961 331 1041 Alleluye„
381 962 410 1021 V.
434 960 537 1037 Specie
549 965 610 1015 tue.

182 1042 219 1101 St
232 1043 318 1119 iusro
331 1042 579 1118 Septuaqesimum
594 1040 724 1110 evenerit,
740 1048 889 1115 repetatur
911 1037 1038 1098 Grudote
1049 1061 1062 1108 ‚·
1084 1049 1110 1096 et
1130 1060 1191 1097 uou
1205 1041 1324 1098 duutm·

128 1123 265 1201 Alleluya
287 1145 378 1201 mque
400 1124 531 1181 Tractus.
585 1120 628 1178 Iu
651 1121 733 1178 uuile
757 1121 835 1178 euim
848 1121 932 1178 Festo
947 1121 1039 1177 trium
1053 1120 1225 1178 Lectionum
1239 1121 1324 1202 iustu

126 1203 371 1281 Septewrjecimum
383 1205 524 1263 dicendus
536 1213 577 1260 est
592 1202 724 1271 Tractus,
739 1202 801 1259 ruisi
813 1203 848 1258 iu
861 1203 945 1259 Festo
959 1201 1053 1259 suueti
1073 1202 1225 1263 Valeutiui.

184 1288 386 1363 Eoouqelium.
431 1286 533 1343 Simile
548 1290 593 1342 est
605 1303 728 1360 regnum
742 1283 881 1339 caelcrum
895 1283 1041 1341 thesaure.

184 1367 379 1442 Offertom'um.
423 1367 540 1424 Diffusa
554 1370 605 1422 est.

185 1449 369 1509 Oommuuio.
412 1447 648 1506 Confundantur.

217 1650 331 1707 Senem
353 1648 506 1720 Bnnmnn,
528 1661 664 1804 nrisc(oe1
673 1661 897 1783 {mutuemus
921 1662 958 1702 nr
979 1661 1130 1706 sociorum
1151 1664 1231 1707 ntus.

617 1726 656 1783 ix.
707 1745 743 1783 a.
787 1727 844 1803 e.)

191 1827 330 1902 Officium.
374 1825 460 1883 Salus
474 1832 581 1883 autem.

187 1907 295 1965 Oratio.
340 1907 431 1979 Deus,
448 1908 566 1983 quinos
580 1905 722 1980 concedis,
745 1906 779 1962 iu
794 1904 959 1966 Communi.

188 1988 328 2064 Epistola.
373 1988 490 2064 Lingua
503 1987 689 2063 sapientium.

189 2068 323 2128 Grodule.
367 2069 442 2126 Ecce
456 2088 545 2144 quam
558 2068 676 2126 bonum.

187 2151 337 2226 Alleluya.
387 2150 414 2207 V.
439 2149 587 2206 Mirabilis
602 2149 691 2206 Deus.

187 2230 389 2306 Emuqetium.
432 2230 489 2287 Vae
502 2230 593 2287 vobis.

189 2311 380 2386 Offertorium.
424 2311 638 2368 Exsultnbunt.

189 2391 370 2451 Oouuuuuio.
413 2393 527 2448 Anima
540 2398 649 2449 nostra.

219 2589 257 2646 In
278 2588 496 2646 Oouvnnsionn
515 2604 623 2645 senem
645 2588 754 2660 Pium,
776 2603 927 2646 nrosrcm.
973 2587 1046 2663 (viii.
1064 2589 1133 2646 Kal.
1150 2589 1234 2669 Feb.)

88 2762 94 2777 ,
191 2711 328 2786 Officium.

190 2792 252 2850 Seio
274 2792 324 2849 cui
347 2791 459 2849 credidi
470 2811 479 2862 3
501 2799 533 2849 et
546 2797 643 2848 certus
663 2811 729 2848 sum
752 2791 822 2866 quia
846 2797 951 2868 potens
973 2798 1018 2849 est
1040 2793 1206 2870 depositum
1226 2815 1325 2854 meum

144 2873 288 2930 servarein
301 2873 388 2929 illum
402 2872 487 2931 diem.

191 2954 333 3011 Petimus.

88 3024 90 3071 Ι
191 3033 325 3107 Domine,
350 3033 482 3109 probasti
505 3053 551 3091 me
576 3039 606 3090 et
630 3033 794 3109 cognovisti
817 3053 883 3092 me:
909 3034 955 3091 Tu
979 3036 1144 3112 cognovisti
1168 3038 1324 3096 sessionem

146 3131 222 3172 neum
236 3123 266 3173 et
279 3117 523 3173 resurrectionem
538 3133 640 3171 meam.

192 3195 298 3255 Oratio.

191 3276 279 3350 Deus,
295 3277 348 3353 qui
361 3276 533 3334 universum
546 3275 690 3333 mundum
711 3277 792 3334 beati
812 3276 900 3334 Pauli
920 3278 1046 3353 apostoli
1059 3278 1106 3335 tui
1119 3280 1326 3355 praedicatione

147 3352 272 3430 docuisti;
294 3358 332 3415 da
348 3357 441 3427 nobis,
457 3376 632 3432 quaesumus,
648 3364 683 3414 ut
703 3359 754 3433 qui
768 3359 832 3433 ejus
852 3358 940 3415 hodie
960 3359 1180 3419 conversionem
1194 3361 1324 3434 colimus,

149 3452 186 3509 per
196 3440 257 3515 ejus
270 3439 310 3496 ad
322 3445 354 3494 te
367 3439 502 3513 exempla
515 3437 691 3514 gradiamur.
734 3439 792 3495 Per
808 3439 978 3496 Dominum.

191 3519 333 3577 Memmio
347 3520 381 3576 de
394 3528 497 3576 souctu
510 3519 623 3592 Murio,
638 3528 664 3577 et
677 3521 711 3576 de
724 3528 823 3577 suucto
837 3519 974 3595 Praejecto
988 3531 1122 3598 martyre.

193 3600 299 3658 Oratim

191 3680 333 3757 Martyris
354 3680 402 3737 tui
423 3680 560 3757 Praejecti
581 3699 643 3750 nos,
666 3700 841 3756 quaesumus,
857 3680 993 3754 Domine,
1009 3683 1188 3740 interventio
1201 3684 1327 3760 gloriosa

148 3763 320 3833 commendet,
335 3769 371 3818 ut
393 3761 471 3837 quod
493 3760 601 3818 nostris
623 3763 731 3819 mentis
744 3781 805 3818 non
830 3762 970 3834 valemus,
986 3764 1049 3839 ejus
1071 3765 1207 3840 precibus
1229 3786 1325 3824 conse-

150 3856 261 3913 quemur,
305 3843 366 3901 Per
378 3842 549 3900 Dominum.

192 3923 334 3982 Memorio
347 3924 383 3980 de
395 3932 497 3981 sumto
509 3923 625 3997 Aquete.

193 4003 284 4063 Lectio
297 4005 428 4062 Actuum
441 4003 646 4079 Apostolorum
656 4003 712 4080 (iu,
730 4004 825 4082 1-22)

194 4083 231 4142 In
251 4085 354 4143 diebus
377 4085 447 4157 illis,
471 4084 578 4142 Saulus
599 4083 695 4142 adhuc
717 4085 831 4161 spirans
852 4105 944 4161 usque
963 4088 1005 4144 od
1024 4088 1173 4148 affirmans
1187 4089 1326 4163 quoniam

149 4157 184 4220 hic
195 4171 237 4223 est
249 4166 394 4224 Christus.

196 4245 326 4306 Gradule.

196 4326 251 4396 Qui
271 4332 410 4404 operatus
430 4332 476 4384 est
497 4326 587 4384 Petro
609 4327 642 4384 in
663 4327 869 4403 apostolatum,
893 4336 1029 4406 operatus
1051 4337 1095 4388 est
1117 4330 1235 4389 etmihi
1248 4331 1327 4390 inter

151 4412 249 4477 genis:
269 4415 299 4466 et
312 4414 515 4485 cognoverunt
528 4408 654 4485 gmtiem
667 4408 734 4483 Dei,
750 4429 816 4486 quse
830 4410 899 4468 data
912 4416 956 4468 est
971 4411 1051 4468 mihi,
