2910 4904
534 324 708 392 Orationes
733 325 915 391 Generalis.
1265 329 1325 390 181

187 493 427 553 Poetcommanio.

188 576 383 652 Sumpsimus,
407 574 535 631 Domine
560 574 655 631 beatae
676 573 735 630 Dei
758 572 914 650 genetricis
936 592 1050 649 semper
1074 572 1197 650 virginis
1221 573 1326 630 Mariae

124 665 157 714 et
179 658 312 714 omnium
334 661 503 713 sanctorum
525 659 645 712 tuorum
670 655 777 712 merita
798 653 959 712 recolentes
977 661 1159 711 sacramenta
1181 654 1309 711 caelestia
1320 673 1328 725 ;

126 747 243 814 plasta,
259 756 435 813 quaesumus,
450 742 486 793 ut
500 735 578 811 quod
591 735 794 811 temporaliter
806 735 944 810 gerimus,
960 754 1060 792 eorum
1074 735 1210 812 precibus
1224 734 1327 811 adjuti,

126 819 248 879 aeternis
261 818 377 895 gaudiis
391 836 613 892 consequamur.
656 816 715 874 Per
729 815 900 874 Dominum.

172 1059 424 1116 Gouunuoasrro
445 1055 697 1128 Incasrarmms,
720 1054 999 1126 Ruscanncnoms,
1021 1055 1282 1128 O1neuncrs101ru,

345 1163 558 1234 Asennsroms,
581 1177 618 1218 ar
639 1161 809 1219 Anvnurus
831 1160 971 1219 Srrmrus
993 1161 1114 1223 Sauerr.

193 1256 303 1314 Oratio.

192 1337 289 1396 Corda
302 1342 411 1408 nostra,
427 1355 602 1429 quaesumus,
618 1335 757 1407 Domine,
773 1341 891 1392 sanctus
905 1336 1042 1412 splendor
1055 1337 1127 1394 Filii
1140 1338 1209 1395 tui
1200 1358 1332 1396 meamn-

127 1418 228 1491 tionis
264 1418 441 1489 nativitatis,
473 1417 625 1493 passionis,
658 1417 887 1490 resurrectionis,
915 1418 1099 1488 ascensionis,
1128 1425 1158 1475 et
1185 1420 1331 1477 adventus

128 1500 262 1577 Spiritus
276 1499 387 1573 Sancti,
415 1498 554 1556 clementi
576 1503 710 1573 respectu
733 1497 883 1571 illustret3
903 1518 962 1574 quo
976 1500 1080 1556 mundi
1099 1498 1189 1576 hujus
1202 1500 1333 1557 tenebris

128 1600 230 1638 carere
263 1580 422 1650 valeamus,
451 1585 483 1636 et
509 1579 572 1655 ipso
600 1579 726 1636 ducente
749 1579 954 1656 perveniamus
974 1580 1012 1636 ad
1034 1580 1162 1656 patriam
1189 1581 1332 1639 claritatis

128 1668 257 1720 aeternae.
300 1660 359 1718 Per
372 1660 497 1718 eundem
511 1660 682 1717 Dominum.
726 1659 766 1716 In
779 1661 895 1718 unitate
908 1660 1039 1736 ejusdem
1053 1661 1189 1736 Spiritus.

192 1741 314 1802 Secreta.
1390 1802 1393 1807 ⁴

193 1823 234 1880 In
247 1822 397 1880 mentibus
417 1822 534 1893 nostris,
549 1841 725 1898 quaesumus,
742 1822 878 1894 Domine,
893 1842 971 1880 verae
985 1823 1053 1880 fidei
1074 1829 1256 1881 sacramenta
1269 1844 1334 1881 con-

130 1906 237 1975 firma3
260 1903 360 1979 utqui
374 1908 548 1979 conceptum
570 1903 607 1959 de
630 1903 746 1979 virgine
768 1902 867 1960 Deum
888 1923 992 1965 verum
1006 1909 1037 1961 et
1049 1903 1200 1962 hominem
1218 1906 1335 1962 confite-

131 2005 208 2057 mur,
225 2005 278 2061 per
301 1984 432 2059 ejusdem
454 1983 612 2041 salutiferae
635 1983 856 2056 incarnationis,
878 1985 1055 2057 nativitatis,
1076 1986 1228 2062 passionis,
1243 2005 1336 2043 resur-

131 2067 281 2137 rectionis,
296 2065 481 2137 ascensionis,
496 2071 526 2121 et
540 2065 684 2122 adventus
696 2064 798 2123 Sancti
812 2066 941 2142 Spiritus
955 2066 1127 2143 potentiam,
1142 2067 1180 2124 ad
1194 2074 1336 2125 aeternam

132 2167 300 2205 mereamur
314 2146 466 2223 pervenire
479 2145 622 2203 laetitiam.
666 2146 725 2203 Per
738 2146 871 2204 eundem.
916 2148 956 2205 In
968 2149 1093 2206 unitate.

194 2227 436 2286 Postcommuaic.

195 2309 319 2380 Praesta,
336 2327 513 2383 quaesumus,
527 2308 713 2385 omnipotens
727 2308 826 2381 Pater,
843 2316 878 2366 ut
891 2310 944 2385 qui
957 2310 1029 2366 Filii
1045 2310 1093 2367 tui
1106 2310 1231 2367 Domini
1244 2311 1338 2368 nostri

132 2392 209 2449 Jesu
234 2390 346 2447 Christi
372 2388 591 2462 incarnationis,
615 2389 790 2463 nativitatis,
814 2390 965 2466 passionis,
990 2390 1220 2462 resurrectionis,
1243 2411 1339 2448 ascen-

131 2472 234 2541 sionis,
250 2476 281 2527 et
294 2471 439 2528 adventus
461 2470 590 2546 Spiritus
611 2471 713 2528 Sancti
733 2471 905 2528 memoriam
926 2471 1027 2528 debita
1040 2471 1238 2528 venerationis
1252 2472 1338 2529 laude

135 2553 269 2622 colimus,
284 2551 341 2628 ipsi
354 2571 407 2627 per
420 2551 552 2627 ejusdem
566 2551 668 2608 Sancti
688 2551 818 2627 Spiritus
839 2552 965 2627 gratiam
979 2572 997 2609 a
1017 2557 1112 2609 morte
1125 2552 1231 2609 animae
1245 2572 1339 2610 resur-

132 2653 241 2709 gamus
269 2639 299 2690 et
323 2633 356 2688 in
380 2639 432 2690 tna
459 2652 573 2709 semper
594 2631 826 2690 sanctificatione
853 2633 996 2690 vivamus.
1039 2633 1098 2689 Per
1122 2633 1256 2691 eundem.
1299 2633 1339 2690 In

135 2715 261 2772 unitate.

421 2866 487 2924 Pac
508 2867 602 2924 V1v1s
624 2883 660 2924 nr
681 2868 859 2926 Dnruncms
880 2884 1058 2925 canusinis.

199 2998 303 3058 Oratio
319 2997 475 3056 Generalis.

199 3080 396 3156 Omnipotens
410 3078 586 3155 sempiterne
601 3078 694 3150 Deus,
708 3079 761 3154 qni
781 3079 917 3135 vivorum
939 3078 1101 3136 dominaris
1120 3078 1209 3136 simul
1223 3084 1255 3136 et
1267 3097 1342 3136 mor-

138 3171 270 3234 tuorum,
299 3160 489 3235 omniumque
516 3159 663 3217 misereris
697 3179 769 3236 quos
798 3168 864 3217 tuos
891 3159 948 3216 fide
975 3166 1006 3216 et
1030 3179 1116 3236 opere
1144 3161 1261 3217 futuros
1281 3179 1342 3218 esse

139 3242 317 3320 praenoscis3
339 3247 370 3298 te
398 3241 569 3316 suppliciter
596 3260 760 3310 exoramus,
789 3246 824 3296 ut
858 3260 912 3316 pro
940 3241 1047 3316 quibus
1074 3241 1223 3298 effundere
1243 3260 1343 3317 preces

138 3324 332 3392 decrevimus,
354 3341 485 3397 quosque
506 3321 554 3378 vel
571 3340 699 3396 praesens
716 3321 812 3378 adhuc
830 3322 970 3379 saeculum
991 3321 1023 3378 in
1044 3341 1131 3378 carne
1154 3323 1272 3392 retinet,
1294 3321 1342 3379 vel

139 3406 275 3462 futurum
285 3403 349 3479 jam
364 3409 470 3459 exutos
490 3422 610 3478 corpore
630 3402 766 3478 suscepit,
781 3403 900 3477 pietatis
920 3409 980 3459 tuae
1001 3402 1156 3459 clementia
1170 3403 1344 3460 delictorum

137 3505 262 3543 suorum
275 3484 395 3540 veniam
409 3489 439 3539 et
451 3483 559 3560 gaudia
572 3483 711 3559 consequi
723 3489 893 3540 mereantur
906 3490 1023 3541 aeterna
1065 3482 1124 3540 Per
1138 3483 1307 3540 Dominum.

204 3567 326 3624 Secreta.

171 3647 294 3717 DeuS,
310 3665 358 3702 cur
349 3645 427 3701 soli
449 3645 584 3721 cognitus
602 3652 647 3702 est
670 3665 810 3703 numerus
824 3646 1013 3703 electorum
1004 3665 1036 3701 m
1059 3665 1185 3721 superna
1203 3644 1344 3702 felicitate

141 3727 301 3785 locandus·
293 3771 302 3798 ,
323 3726 429 3795 tribue,
445 3745 621 3819 quaesumus,
637 3733 673 3782 ut
693 3728 898 3784 universorum
920 3746 993 3802 quos
1009 3726 1043 3782 in
1056 3727 1188 3783 oratione
1202 3745 1344 3783 commen-

141 3809 229 3866 datos
257 3807 447 3883 suscepimus,
476 3812 507 3863 et
538 3807 671 3863 omnium
698 3807 839 3874 fidelium,
865 3808 1003 3864 vivorum
1030 3814 1120 3882 atquo
1149 3791 1343 3880 mortuorum,

141 3889 264 3946 nomina
276 3889 371 3945 beatae
384 3888 652 3963 praedestinationis
666 3888 742 3945 liber
754 3891 883 3964 ascripta
895 3889 1031 3945 retineat.
1075 3889 1134 3945 Per
1148 3888 1318 3985 Dominum.

203 3969 447 4026 Postcommuaio.

205 4049 370 4107 Purifieent
380 4069 432 4105 nos
435 4069 630 4125 ,quaesumus
642 4051 829 4127 omnipotens
840 4057 870 4108 et
881 4051 1046 4108 misericors
1061 4049 1152 4120 Deus,
1164 4054 1346 4106 sacramenta

142 4152 210 4208 quae
232 4130 432 4207 sumpsimus3
453 4136 483 4187 et
509 4137 616 4205 praesta
643 4138 678 4188 ut
700 4132 755 4189 hoc
780 4139 866 4189 tuum
888 4137 1104 4189 sacramentum
1125 4149 1186 4187 non
1206 4130 1246 4187 sit
1259 4129 1346 4186 nobis

141 4219 243 4271 reatus
271 4212 309 4269 ad
336 4231 460 4287 panaro,
490 4213 548 4268 sed'
571 4213 741 4270 intercessio
769 4213 908 4271 salutaris
935 4213 972 4269 ad
999 4212 1134 4282 veniam3
1168 4211 1207 4267 sit
1234 4210 1347 4267 ablutio

139 4294 309 4366 scelerum3
328 4293 369 4349 sit
382 4292 527 4349 fortitudo
548 4293 717 4369 fragilium,
739 4294 779 4352 sit
793 4300 896 4353 contra
916 4293 1020 4349 mundi
1040 4291 1170 4368 pericula
1184 4295 1350 4348 firmamen-

139 4382 228 4448 tum;
251 4375 292 4431 sit
315 4374 453 4430 vivorum
482 4378 571 4449 atque
596 4380 782 4431 mortuorum
805 4375 938 4432 fidelium
958 4373 1090 4430 remissio
1104 4372 1237 4430 omnium
1251 4392 1350 4448 pecca-

140 4464 252 4514 torum.
295 4454 355 4512 Per
369 4454 540 4511 Dominum.
