<?xml version="1.0" encoding="UTF-8"?>
<!DOCTYPE html PUBLIC "-//W3C//DTD XHTML 1.0 Transitional//EN"
    "http://www.w3.org/TR/xhtml1/DTD/xhtml1-transitional.dtd">
<html xmlns="http://www.w3.org/1999/xhtml" xml:lang="en" lang="en">
 <head>
  <title>
</title>
<meta http-equiv="Content-Type" content="text/html;charset=utf-8" />
  <meta name='ocr-system' content='tesseract 3.04.00' />
  <meta name='ocr-capabilities' content='ocr_page ocr_carea ocr_par ocr_line ocrx_word'/>
</head>
<body>
  <div class='ocr_page' id='page_1' title='image "./missaleadusumin01churgoog_0063.png"; bbox 0 0 2910 4904; ppageno 0'>
   <div class='ocr_carea' id='block_1_1' title="bbox 142 318 844 384">
    <p class='ocr_par' dir='ltr' id='par_1_1' title="bbox 142 318 844 384">
     <span class='ocr_line' id='line_1_1' title="bbox 142 318 844 384; baseline -0.001 0"><span class='ocrx_word' id='word_1_1' title='bbox 142 323 182 384; x_wconf 72' lang='lat'>34</span> <span class='ocrx_word' id='word_1_2' title='bbox 633 318 729 383; x_wconf 79' lang='lat' dir='ltr'>Festo</span> <span class='ocrx_word' id='word_1_3' title='bbox 743 318 844 384; x_wconf 84' lang='lat' dir='ltr'>Maii.</span> 
     </span>
    </p>
   </div>
   <div class='ocr_carea' id='block_1_2' title="bbox 75 484 1343 3411">
    <p class='ocr_par' dir='ltr' id='par_1_2' title="bbox 134 484 1342 644">
     <span class='ocr_line' id='line_1_2' title="bbox 196 484 1342 566; baseline 0.001 -23"><span class='ocrx_word' id='word_1_4' title='bbox 196 484 344 561; x_wconf 89' lang='lat' dir='ltr'>Alleluya.</span> <span class='ocrx_word' id='word_1_5' title='bbox 388 486 416 544; x_wconf 87' lang='lat' dir='ltr'>V.</span> <span class='ocrx_word' id='word_1_6' title='bbox 441 484 536 543; x_wconf 84' lang='lat' dir='ltr'>Dulce</span> <span class='ocrx_word' id='word_1_7' title='bbox 549 485 665 562; x_wconf 83' lang='lat' dir='ltr'>iignum</span> <span class='ocrx_word' id='word_1_8' title='bbox 675 485 775 543; x_wconf 85' lang='lat' dir='ltr'>dulces</span> <span class='ocrx_word' id='word_1_9' title='bbox 789 485 887 543; x_wconf 87' lang='lat' dir='ltr'>clavos</span> <span class='ocrx_word' id='word_1_10' title='bbox 900 485 999 544; x_wconf 88' lang='lat' dir='ltr'>dulcia</span> <span class='ocrx_word' id='word_1_11' title='bbox 1012 487 1109 546; x_wconf 88' lang='lat' dir='ltr'>ferens</span> <span class='ocrx_word' id='word_1_12' title='bbox 1122 487 1263 566; x_wconf 89' lang='lat' dir='ltr'>pondera,</span> <span class='ocrx_word' id='word_1_13' title='bbox 1275 505 1342 563; x_wconf 86' lang='lat' dir='ltr'>quae</span> 
     </span>
     <span class='ocr_line' id='line_1_3' title="bbox 134 566 1050 644; baseline 0.002 -21"><span class='ocrx_word' id='word_1_14' title='bbox 134 567 197 624; x_wconf 90' lang='lat' dir='ltr'>sola</span> <span class='ocrx_word' id='word_1_15' title='bbox 209 566 298 624; x_wconf 84' lang='lat' dir='ltr'>fuisti</span> <span class='ocrx_word' id='word_1_16' title='bbox 310 567 401 644; x_wconf 85' lang='lat' dir='ltr'>digna</span> <span class='ocrx_word' id='word_1_17' title='bbox 414 567 559 624; x_wconf 84' lang='lat' dir='ltr'>sustinere</span> <span class='ocrx_word' id='word_1_18' title='bbox 572 586 671 642; x_wconf 86' lang='lat' dir='ltr'>regem</span> <span class='ocrx_word' id='word_1_19' title='bbox 685 566 824 624; x_wconf 86' lang='lat' dir='ltr'>caelorum</span> <span class='ocrx_word' id='word_1_20' title='bbox 837 573 868 624; x_wconf 91' lang='lat' dir='ltr'>et</span> <span class='ocrx_word' id='word_1_21' title='bbox 879 566 1050 626; x_wconf 88' lang='lat' dir='ltr'>Dominum.</span> 
     </span>
    </p>

    <p class='ocr_par' dir='ltr' id='par_1_3' title="bbox 137 646 1343 804">
     <span class='ocr_line' id='line_1_4' title="bbox 196 646 1343 727; baseline 0.002 -23"><span class='ocrx_word' id='word_1_22' title='bbox 196 647 344 724; x_wconf 84' lang='lat' dir='ltr'>Alleluya</span> <span class='ocrx_word' id='word_1_23' title='bbox 393 648 423 706; x_wconf 80' lang='lat' dir='ltr'>V.</span> <span class='ocrx_word' id='word_1_24' title='bbox 446 647 583 705; x_wconf 75' lang='lat' dir='ltr'>Surrexit</span> <span class='ocrx_word' id='word_1_25' title='bbox 597 647 758 705; x_wconf 87' lang='lat' dir='ltr'>altissimus</span> <span class='ocrx_word' id='word_1_26' title='bbox 766 648 802 705; x_wconf 92' lang='lat' dir='ltr'>de</span> <span class='ocrx_word' id='word_1_27' title='bbox 816 646 957 724; x_wconf 90' lang='lat' dir='ltr'>sepulcro,</span> <span class='ocrx_word' id='word_1_28' title='bbox 968 650 1021 725; x_wconf 85' lang='lat' dir='ltr'>qui</span> <span class='ocrx_word' id='word_1_29' title='bbox 1033 669 1087 726; x_wconf 92' lang='lat' dir='ltr'>pro</span> <span class='ocrx_word' id='word_1_30' title='bbox 1100 649 1187 708; x_wconf 90' lang='lat' dir='ltr'>nobis</span> <span class='ocrx_word' id='word_1_31' title='bbox 1199 648 1343 727; x_wconf 76' lang='lat' dir='ltr'>pependit</span> 
     </span>
     <span class='ocr_line' id='line_1_5' title="bbox 137 729 273 804; baseline 0.007 -19"><span class='ocrx_word' id='word_1_32' title='bbox 137 729 170 785; x_wconf 93' lang='lat' dir='ltr'>in</span> <span class='ocrx_word' id='word_1_33' title='bbox 184 729 273 804; x_wconf 87' lang='lat' dir='ltr'>ligno.</span> 
     </span>
    </p>

    <p class='ocr_par' dir='ltr' id='par_1_4' title="bbox 197 825 363 902">
     <span class='ocr_line' id='line_1_6' title="bbox 197 825 363 902; baseline 0 -18"><span class='ocrx_word' id='word_1_34' title='bbox 197 825 363 902; x_wconf 74' lang='lat' dir='ltr'>Sequentia.</span> 
     </span>
    </p>

    <p class='ocr_par' dir='ltr' id='par_1_5' title="bbox 257 906 1064 1146">
     <span class='ocr_line' id='line_1_7' title="bbox 258 906 779 982; baseline -0.004 -17"><span class='ocrx_word' id='word_1_35' title='bbox 258 908 353 980; x_wconf 82' lang='lat' dir='ltr'>Salve,</span> <span class='ocrx_word' id='word_1_36' title='bbox 369 926 443 964; x_wconf 88' lang='lat' dir='ltr'>crux</span> <span class='ocrx_word' id='word_1_37' title='bbox 456 913 566 979; x_wconf 88' lang='lat' dir='ltr'>sancta,</span> <span class='ocrx_word' id='word_1_38' title='bbox 581 906 669 963; x_wconf 89' lang='lat' dir='ltr'>arhor</span> <span class='ocrx_word' id='word_1_39' title='bbox 682 907 779 982; x_wconf 82' lang='lat' dir='ltr'>digna,</span> 
     </span>
     <span class='ocr_line' id='line_1_8' title="bbox 257 987 1022 1065; baseline 0 -19"><span class='ocrx_word' id='word_1_40' title='bbox 257 988 350 1065; x_wconf 77' lang='lat' dir='ltr'>Cujus</span> <span class='ocrx_word' id='word_1_41' title='bbox 363 989 454 1045; x_wconf 90' lang='lat' dir='ltr'>robur</span> <span class='ocrx_word' id='word_1_42' title='bbox 467 988 630 1064; x_wconf 86' lang='lat' dir='ltr'>pretiosum</span> <span class='ocrx_word' id='word_1_43' title='bbox 643 988 748 1044; x_wconf 92' lang='lat' dir='ltr'>mundi</span> <span class='ocrx_word' id='word_1_44' title='bbox 761 987 852 1044; x_wconf 87' lang='lat' dir='ltr'>ferret</span> <span class='ocrx_word' id='word_1_45' title='bbox 866 988 1022 1059; x_wconf 73' lang='lat' dir='ltr'>talentum,</span> 
     </span>
     <span class='ocr_line' id='line_1_9' title="bbox 257 1069 1064 1146; baseline 0.001 -19"><span class='ocrx_word' id='word_1_46' title='bbox 257 1070 305 1128; x_wconf 90' lang='lat' dir='ltr'>Ut</span> <span class='ocrx_word' id='word_1_47' title='bbox 317 1070 418 1141; x_wconf 79' lang='lat' dir='ltr'>hostie,</span> <span class='ocrx_word' id='word_1_48' title='bbox 432 1089 485 1145; x_wconf 92' lang='lat' dir='ltr'>per</span> <span class='ocrx_word' id='word_1_49' title='bbox 498 1069 613 1144; x_wconf 86' lang='lat' dir='ltr'>lignum</span> <span class='ocrx_word' id='word_1_50' title='bbox 627 1070 732 1139; x_wconf 87' lang='lat' dir='ltr'>victor,</span> <span class='ocrx_word' id='word_1_51' title='bbox 747 1069 828 1146; x_wconf 84' lang='lat' dir='ltr'>ligno</span> <span class='ocrx_word' id='word_1_52' title='bbox 841 1070 1064 1128; x_wconf 87' lang='lat' dir='ltr'>revinceretur:</span> 
     </span>
    </p>

    <p class='ocr_par' dir='ltr' id='par_1_6' title="bbox 154 1149 1340 1469">
     <span class='ocr_line' id='line_1_10' title="bbox 154 1149 1339 1228; baseline 0.002 -20"><span class='ocrx_word' id='word_1_53' title='bbox 154 1211 156 1216; x_wconf 71' lang='grc'><strong>,</strong></span> <span class='ocrx_word' id='word_1_54' title='bbox 257 1151 402 1226; x_wconf 79' lang='lat' dir='ltr'>Quodque</span> <span class='ocrx_word' id='word_1_55' title='bbox 417 1156 537 1207; x_wconf 88' lang='lat' dir='ltr'>exortus</span> <span class='ocrx_word' id='word_1_56' title='bbox 550 1149 655 1206; x_wconf 85' lang='lat' dir='ltr'>mortis</span> <span class='ocrx_word' id='word_1_57' title='bbox 669 1150 782 1225; x_wconf 91' lang='lat' dir='ltr'>primus</span> <span class='ocrx_word' id='word_1_58' title='bbox 790 1156 854 1207; x_wconf 89' lang='lat' dir='ltr'>erat</span> <span class='ocrx_word' id='word_1_59' title='bbox 862 1151 1018 1227; x_wconf 83' lang='lat' dir='ltr'>terrigenis</span> <span class='ocrx_word' id='word_1_60' title='bbox 1028 1150 1169 1208; x_wconf 81' lang='lat' dir='ltr'>Paiadiso</span> <span class='ocrx_word' id='word_1_61' title='bbox 1182 1152 1339 1228; x_wconf 78' lang='lat' dir='ltr'>propulsis,</span> 
     </span>
     <span class='ocr_line' id='line_1_11' title="bbox 256 1230 1272 1292; baseline 0.004 -4"><span class='ocrx_word' id='word_1_62' title='bbox 256 1231 352 1288; x_wconf 77' lang='lat' dir='ltr'>(lausa</span> <span class='ocrx_word' id='word_1_63' title='bbox 365 1232 456 1289; x_wconf 84' lang='lat' dir='ltr'>etiam</span> <span class='ocrx_word' id='word_1_64' title='bbox 470 1231 541 1287; x_wconf 86' lang='lat' dir='ltr'>vitae</span> <span class='ocrx_word' id='word_1_65' title='bbox 554 1230 632 1287; x_wconf 83' lang='lat' dir='ltr'>foret</span> <span class='ocrx_word' id='word_1_66' title='bbox 642 1231 757 1288; x_wconf 88' lang='lat' dir='ltr'>cunctis</span> <span class='ocrx_word' id='word_1_67' title='bbox 771 1237 865 1288; x_wconf 91' lang='lat' dir='ltr'>morte</span> <span class='ocrx_word' id='word_1_68' title='bbox 881 1231 994 1290; x_wconf 80' lang='lat' dir='ltr'>Christi</span> <span class='ocrx_word' id='word_1_69' title='bbox 1006 1251 1076 1290; x_wconf 89' lang='lat' dir='ltr'>vere</span> <span class='ocrx_word' id='word_1_70' title='bbox 1090 1232 1272 1292; x_wconf 88' lang='lat' dir='ltr'>vivificatis:</span> 
     </span>
     <span class='ocr_line' id='line_1_12' title="bbox 255 1311 1265 1387; baseline 0.003 -18"><span class='ocrx_word' id='word_1_71' title='bbox 255 1312 440 1369; x_wconf 88' lang='lat' dir='ltr'>Horrificum</span> <span class='ocrx_word' id='word_1_72' title='bbox 454 1318 489 1369; x_wconf 93' lang='lat' dir='ltr'>tu</span> <span class='ocrx_word' id='word_1_73' title='bbox 503 1330 533 1368; x_wconf 92' lang='lat' dir='ltr'>es</span> <span class='ocrx_word' id='word_1_74' title='bbox 546 1331 662 1387; x_wconf 89' lang='lat' dir='ltr'>semper</span> <span class='ocrx_word' id='word_1_75' title='bbox 675 1311 791 1387; x_wconf 86' lang='lat' dir='ltr'>signum</span> <span class='ocrx_word' id='word_1_76' title='bbox 805 1312 942 1383; x_wconf 88' lang='lat' dir='ltr'>inimicis,</span> <span class='ocrx_word' id='word_1_77' title='bbox 957 1333 1030 1370; x_wconf 89' lang='lat' dir='ltr'>crux</span> <span class='ocrx_word' id='word_1_78' title='bbox 1044 1319 1154 1384; x_wconf 87' lang='lat' dir='ltr'>saneta,</span> <span class='ocrx_word' id='word_1_79' title='bbox 1169 1313 1265 1386; x_wconf 85' lang='lat' dir='ltr'>saevis,</span> 
     </span>
     <span class='ocr_line' id='line_1_13' title="bbox 256 1393 1340 1469; baseline 0.002 -18"><span class='ocrx_word' id='word_1_80' title='bbox 256 1393 353 1464; x_wconf 81' lang='lat' dir='ltr'>Quam</span> <span class='ocrx_word' id='word_1_81' title='bbox 375 1412 455 1450; x_wconf 84' lang='lat' dir='ltr'>mors</span> <span class='ocrx_word' id='word_1_82' title='bbox 477 1398 567 1469; x_wconf 89' lang='lat' dir='ltr'>pavet</span> <span class='ocrx_word' id='word_1_83' title='bbox 592 1393 784 1469; x_wconf 84' lang='lat' dir='ltr'>infernusque</span> <span class='ocrx_word' id='word_1_84' title='bbox 804 1394 907 1451; x_wconf 90' lang='lat' dir='ltr'>timet:</span> <span class='ocrx_word' id='word_1_85' title='bbox 929 1413 995 1469; x_wconf 88' lang='lat' dir='ltr'>quae</span> <span class='ocrx_word' id='word_1_86' title='bbox 1017 1394 1136 1452; x_wconf 79' lang='lat' dir='ltr'>Christo</span> <span class='ocrx_word' id='word_1_87' title='bbox 1154 1414 1222 1453; x_wconf 89' lang='lat' dir='ltr'>suos</span> <span class='ocrx_word' id='word_1_88' title='bbox 1240 1415 1340 1453; x_wconf 91' lang='lat' dir='ltr'>recon-</span> 
     </span>
    </p>

    <p class='ocr_par' dir='ltr' id='par_1_7' title="bbox 256 1494 761 1613">
     <span class='ocr_line' id='line_1_14' title="bbox 337 1494 456 1550; baseline 0.008 -19"><span class='ocrx_word' id='word_1_89' title='bbox 337 1494 456 1550; x_wconf 83' lang='lat' dir='ltr'>signas:</span> 
     </span>
     <span class='ocr_line' id='line_1_15' title="bbox 256 1555 761 1613; baseline -0.004 0"><span class='ocrx_word' id='word_1_90' title='bbox 256 1555 314 1613; x_wconf 78' lang='lat' dir='ltr'>cui</span> <span class='ocrx_word' id='word_1_91' title='bbox 327 1555 392 1613; x_wconf 86' lang='lat' dir='ltr'>laus</span> <span class='ocrx_word' id='word_1_92' title='bbox 405 1556 446 1613; x_wconf 88' lang='lat' dir='ltr'>sit</span> <span class='ocrx_word' id='word_1_93' title='bbox 460 1555 492 1611; x_wconf 92' lang='lat' dir='ltr'>in</span> <span class='ocrx_word' id='word_1_94' title='bbox 506 1574 611 1613; x_wconf 88' lang='lat' dir='ltr'>aevum.</span> <span class='ocrx_word' id='word_1_95' title='bbox 653 1555 761 1611; x_wconf 88' lang='lat' dir='ltr'>Amen.</span> 
     </span>
    </p>

    <p class='ocr_par' dir='ltr' id='par_1_8' title="bbox 193 1653 396 1729">
     <span class='ocr_line' id='line_1_16' title="bbox 193 1653 396 1729; baseline 0 -19"><span class='ocrx_word' id='word_1_96' title='bbox 193 1653 396 1729; x_wconf 75' lang='lat' dir='ltr'>Ecanqelium.</span> 
     </span>
    </p>

    <p class='ocr_par' dir='ltr' id='par_1_9' title="bbox 134 1731 1340 1873">
     <span class='ocr_line' id='line_1_17' title="bbox 194 1731 1340 1812; baseline 0.003 -21"><span class='ocrx_word' id='word_1_97' title='bbox 194 1735 269 1812; x_wconf 83' lang='lat' dir='ltr'>Erat</span> <span class='ocrx_word' id='word_1_98' title='bbox 287 1734 375 1792; x_wconf 91' lang='lat' dir='ltr'>homo</span> <span class='ocrx_word' id='word_1_99' title='bbox 394 1754 432 1792; x_wconf 88' lang='lat' dir='ltr'>ex</span> <span class='ocrx_word' id='word_1_100' title='bbox 446 1731 603 1790; x_wconf 86' lang='lat' dir='ltr'>Pharisaeis</span> <span class='ocrx_word' id='word_1_101' title='bbox 617 1733 798 1791; x_wconf 81' lang='lat' dir='ltr'>Nicodamus</span> <span class='ocrx_word' id='word_1_102' title='bbox 811 1734 940 1806; x_wconf 89' lang='lat' dir='ltr'>nomine,</span> <span class='ocrx_word' id='word_1_103' title='bbox 957 1753 1052 1809; x_wconf 73' lang='lat' dir='ltr'>quaere</span> <span class='ocrx_word' id='word_1_104' title='bbox 1067 1735 1102 1792; x_wconf 81' lang='lat' dir='ltr'>iii</span> <span class='ocrx_word' id='word_1_105' title='bbox 1119 1735 1205 1794; x_wconf 78' lang='lat' dir='ltr'>Festo</span> <span class='ocrx_word' id='word_1_106' title='bbox 1223 1733 1340 1795; x_wconf 78' lang='lat' dir='ltr'>Sanctia</span> 
     </span>
     <span class='ocr_line' id='line_1_18' title="bbox 134 1815 301 1873; baseline 0 -1"><span class='ocrx_word' id='word_1_107' title='bbox 134 1815 301 1873; x_wconf 77' lang='lat' dir='ltr'>Trinitatis.</span> 
     </span>
    </p>

    <p class='ocr_par' dir='ltr' id='par_1_10' title="bbox 195 1896 299 1954">
     <span class='ocr_line' id='line_1_19' title="bbox 195 1896 299 1954; baseline -0.019 0"><span class='ocrx_word' id='word_1_108' title='bbox 195 1896 299 1954; x_wconf 76' lang='lat' dir='ltr'>Credo.</span> 
     </span>
    </p>

    <p class='ocr_par' dir='ltr' id='par_1_11' title="bbox 195 1976 389 2051">
     <span class='ocr_line' id='line_1_20' title="bbox 195 1976 389 2051; baseline 0 -17"><span class='ocrx_word' id='word_1_109' title='bbox 195 1976 389 2051; x_wconf 69' lang='lat' dir='ltr'>Offlrtoriam.</span> 
     </span>
    </p>

    <p class='ocr_par' dir='ltr' id='par_1_12' title="bbox 75 2056 1340 2296">
     <span class='ocr_line' id='line_1_21' title="bbox 192 2056 1339 2134; baseline 0.004 -20"><span class='ocrx_word' id='word_1_110' title='bbox 192 2058 328 2134; x_wconf 85' lang='lat' dir='ltr'>Protege,</span> <span class='ocrx_word' id='word_1_111' title='bbox 345 2057 481 2127; x_wconf 89' lang='lat' dir='ltr'>Domine,</span> <span class='ocrx_word' id='word_1_112' title='bbox 496 2056 612 2132; x_wconf 88' lang='lat' dir='ltr'>plebe&#39;m</span> <span class='ocrx_word' id='word_1_113' title='bbox 624 2063 709 2115; x_wconf 88' lang='lat' dir='ltr'>tuam</span> <span class='ocrx_word' id='word_1_114' title='bbox 722 2076 774 2133; x_wconf 90' lang='lat' dir='ltr'>per</span> <span class='ocrx_word' id='word_1_115' title='bbox 788 2058 905 2134; x_wconf 83' lang='lat' dir='ltr'>signum</span> <span class='ocrx_word' id='word_1_116' title='bbox 918 2064 1026 2116; x_wconf 89' lang='lat' dir='ltr'>sanctae</span> <span class='ocrx_word' id='word_1_117' title='bbox 1041 2059 1135 2117; x_wconf 86' lang='lat' dir='ltr'>crucis</span> <span class='ocrx_word' id='word_1_118' title='bbox 1147 2059 1186 2116; x_wconf 88' lang='lat' dir='ltr'>ab</span> <span class='ocrx_word' id='word_1_119' title='bbox 1200 2060 1339 2120; x_wconf 85' lang='lat' dir='ltr'>omnibus</span> 
     </span>
     <span class='ocr_line' id='line_1_22' title="bbox 75 2138 1340 2214; baseline 0.005 -20"><span class='ocrx_word' id='word_1_120' title='bbox 75 2168 79 2181; x_wconf 86' lang='lat'>.</span> <span class='ocrx_word' id='word_1_121' title='bbox 132 2139 249 2196; x_wconf 90' lang='lat' dir='ltr'>insidiis</span> <span class='ocrx_word' id='word_1_122' title='bbox 267 2139 454 2196; x_wconf 90' lang='lat' dir='ltr'>inimicorum</span> <span class='ocrx_word' id='word_1_123' title='bbox 474 2138 628 2210; x_wconf 81' lang='lat' dir='ltr'>omnium3</span> <span class='ocrx_word' id='word_1_124' title='bbox 648 2145 683 2195; x_wconf 91' lang='lat' dir='ltr'>ut</span> <span class='ocrx_word' id='word_1_125' title='bbox 700 2139 756 2195; x_wconf 91' lang='lat' dir='ltr'>tibi</span> <span class='ocrx_word' id='word_1_126' title='bbox 770 2148 886 2214; x_wconf 85' lang='lat' dir='ltr'>gratam</span> <span class='ocrx_word' id='word_1_127' title='bbox 899 2138 1090 2198; x_wconf 82' lang='lat' dir='ltr'>exhibeamus</span> <span class='ocrx_word' id='word_1_128' title='bbox 1108 2141 1295 2213; x_wconf 86' lang='lat' dir='ltr'>servitutem,</span> <span class='ocrx_word' id='word_1_129' title='bbox 1309 2148 1340 2200; x_wconf 91' lang='lat' dir='ltr'>et</span> 
     </span>
     <span class='ocr_line' id='line_1_23' title="bbox 132 2219 945 2296; baseline 0.001 -20"><span class='ocrx_word' id='word_1_130' title='bbox 132 2220 311 2296; x_wconf 80' lang='lat' dir='ltr'>acceptabile</span> <span class='ocrx_word' id='word_1_131' title='bbox 325 2220 381 2276; x_wconf 93' lang='lat' dir='ltr'>tibi</span> <span class='ocrx_word' id='word_1_132' title='bbox 395 2220 448 2276; x_wconf 87' lang='lat' dir='ltr'>fiat</span> <span class='ocrx_word' id='word_1_133' title='bbox 462 2219 637 2276; x_wconf 84' lang='lat' dir='ltr'>sacrificium</span> <span class='ocrx_word' id='word_1_134' title='bbox 650 2226 795 2290; x_wconf 87' lang='lat' dir='ltr'>nostrum,</span> <span class='ocrx_word' id='word_1_135' title='bbox 809 2220 945 2295; x_wconf 84' lang='lat' dir='ltr'>alleluya.</span> 
     </span>
    </p>

    <p class='ocr_par' dir='ltr' id='par_1_13' title="bbox 194 2299 317 2359">
     <span class='ocr_line' id='line_1_24' title="bbox 194 2299 317 2359; baseline -0.016 0"><span class='ocrx_word' id='word_1_136' title='bbox 194 2299 317 2359; x_wconf 70' lang='lat' dir='ltr'>Semela.</span> 
     </span>
    </p>

    <p class='ocr_par' dir='ltr' id='par_1_14' title="bbox 131 2380 1339 2684">
     <span class='ocr_line' id='line_1_25' title="bbox 193 2380 1339 2459; baseline 0.003 -20"><span class='ocrx_word' id='word_1_137' title='bbox 193 2382 377 2440; x_wconf 82' lang='lat' dir='ltr'>Sacrificium</span> <span class='ocrx_word' id='word_1_138' title='bbox 394 2387 538 2452; x_wconf 89' lang='lat' dir='ltr'>nostrum,</span> <span class='ocrx_word' id='word_1_139' title='bbox 565 2380 702 2454; x_wconf 89' lang='lat' dir='ltr'>Domine,</span> <span class='ocrx_word' id='word_1_140' title='bbox 724 2381 803 2457; x_wconf 90' lang='lat' dir='ltr'>quod</span> <span class='ocrx_word' id='word_1_141' title='bbox 825 2381 1020 2453; x_wconf 87' lang='lat' dir='ltr'>immolamus,</span> <span class='ocrx_word' id='word_1_142' title='bbox 1043 2382 1176 2459; x_wconf 88' lang='lat' dir='ltr'>placatus</span> <span class='ocrx_word' id='word_1_143' title='bbox 1195 2383 1339 2443; x_wconf 80' lang='lat' dir='ltr'>intende:</span> 
     </span>
     <span class='ocr_line' id='line_1_26' title="bbox 133 2461 1338 2539; baseline 0.004 -21"><span class='ocrx_word' id='word_1_144' title='bbox 133 2468 168 2520; x_wconf 89' lang='lat' dir='ltr'>ut</span> <span class='ocrx_word' id='word_1_145' title='bbox 181 2463 219 2520; x_wconf 86' lang='lat' dir='ltr'>ab</span> <span class='ocrx_word' id='word_1_146' title='bbox 233 2464 314 2520; x_wconf 91' lang='lat' dir='ltr'>omni</span> <span class='ocrx_word' id='word_1_147' title='bbox 328 2482 381 2519; x_wconf 92' lang='lat' dir='ltr'>nos</span> <span class='ocrx_word' id='word_1_148' title='bbox 398 2468 490 2519; x_wconf 89' lang='lat' dir='ltr'>exuat</span> <span class='ocrx_word' id='word_1_149' title='bbox 502 2461 647 2519; x_wconf 89' lang='lat' dir='ltr'>bellorum</span> <span class='ocrx_word' id='word_1_150' title='bbox 665 2463 807 2539; x_wconf 88' lang='lat' dir='ltr'>nequitia,</span> <span class='ocrx_word' id='word_1_151' title='bbox 830 2469 860 2520; x_wconf 88' lang='lat' dir='ltr'>et</span> <span class='ocrx_word' id='word_1_152' title='bbox 879 2481 933 2538; x_wconf 91' lang='lat' dir='ltr'>per</span> <span class='ocrx_word' id='word_1_153' title='bbox 951 2463 1097 2521; x_wconf 89' lang='lat' dir='ltr'>vexillum</span> <span class='ocrx_word' id='word_1_154' title='bbox 1117 2471 1225 2522; x_wconf 82' lang='lat' dir='ltr'>sanotae</span> <span class='ocrx_word' id='word_1_155' title='bbox 1243 2465 1338 2523; x_wconf 86' lang='lat' dir='ltr'>crucis</span> 
     </span>
     <span class='ocr_line' id='line_1_27' title="bbox 133 2543 1338 2623; baseline 0.004 -23"><span class='ocrx_word' id='word_1_156' title='bbox 133 2543 205 2600; x_wconf 87' lang='lat' dir='ltr'>Filii</span> <span class='ocrx_word' id='word_1_157' title='bbox 226 2545 272 2601; x_wconf 89' lang='lat' dir='ltr'>tui</span> <span class='ocrx_word' id='word_1_158' title='bbox 296 2544 334 2601; x_wconf 87' lang='lat' dir='ltr'>ad</span> <span class='ocrx_word' id='word_1_159' title='bbox 356 2543 547 2601; x_wconf 86' lang='lat' dir='ltr'>conterendas</span> <span class='ocrx_word' id='word_1_160' title='bbox 568 2544 724 2620; x_wconf 87' lang='lat' dir='ltr'>potestatis</span> <span class='ocrx_word' id='word_1_161' title='bbox 741 2544 870 2601; x_wconf 86' lang='lat' dir='ltr'>adversae</span> <span class='ocrx_word' id='word_1_162' title='bbox 884 2544 1007 2602; x_wconf 86' lang='lat' dir='ltr'>insidias</span> <span class='ocrx_word' id='word_1_163' title='bbox 1028 2564 1081 2602; x_wconf 89' lang='lat' dir='ltr'>nos</span> <span class='ocrx_word' id='word_1_164' title='bbox 1105 2546 1138 2602; x_wconf 91' lang='lat' dir='ltr'>in</span> <span class='ocrx_word' id='word_1_165' title='bbox 1151 2552 1212 2603; x_wconf 83' lang='lat' dir='ltr'>tuoe</span> <span class='ocrx_word' id='word_1_166' title='bbox 1226 2552 1338 2623; x_wconf 84' lang='lat' dir='ltr'>protec-</span> 
     </span>
     <span class='ocr_line' id='line_1_28' title="bbox 131 2624 828 2684; baseline 0.001 -3"><span class='ocrx_word' id='word_1_167' title='bbox 131 2624 224 2682; x_wconf 89' lang='lat' dir='ltr'>tionis</span> <span class='ocrx_word' id='word_1_168' title='bbox 237 2626 397 2682; x_wconf 87' lang='lat' dir='ltr'>securitate</span> <span class='ocrx_word' id='word_1_169' title='bbox 410 2625 579 2684; x_wconf 86' lang='lat' dir='ltr'>constituat</span> <span class='ocrx_word' id='word_1_170' title='bbox 624 2625 682 2682; x_wconf 90' lang='lat' dir='ltr'>Per</span> <span class='ocrx_word' id='word_1_171' title='bbox 695 2625 828 2682; x_wconf 84' lang='lat' dir='ltr'>eundem</span> 
     </span>
    </p>

    <p class='ocr_par' dir='ltr' id='par_1_15' title="bbox 193 2705 863 2782">
     <span class='ocr_line' id='line_1_29' title="bbox 193 2705 863 2782; baseline 0.001 -20"><span class='ocrx_word' id='word_1_172' title='bbox 193 2706 346 2782; x_wconf 80' lang='lat' dir='ltr'>Praefatio.</span> <span class='ocrx_word' id='word_1_173' title='bbox 390 2706 450 2775; x_wconf 79' lang='lat' dir='ltr'>Qui</span> <span class='ocrx_word' id='word_1_174' title='bbox 464 2705 589 2763; x_wconf 89' lang='lat' dir='ltr'>salutem</span> <span class='ocrx_word' id='word_1_175' title='bbox 603 2706 729 2762; x_wconf 89' lang='lat' dir='ltr'>humani</span> <span class='ocrx_word' id='word_1_176' title='bbox 741 2706 863 2782; x_wconf 87' lang='lat' dir='ltr'>generis.</span> 
     </span>
    </p>

    <p class='ocr_par' dir='ltr' id='par_1_16' title="bbox 195 2784 374 2846">
     <span class='ocr_line' id='line_1_30' title="bbox 195 2784 374 2846; baseline -0.022 0"><span class='ocrx_word' id='word_1_177' title='bbox 195 2784 374 2846; x_wconf 76' lang='lat' dir='ltr'>Communia</span> 
     </span>
    </p>

    <p class='ocr_par' dir='ltr' id='par_1_17' title="bbox 131 2866 1336 3028">
     <span class='ocr_line' id='line_1_31' title="bbox 193 2866 1336 2943; baseline 0.005 -20"><span class='ocrx_word' id='word_1_178' title='bbox 193 2867 252 2924; x_wconf 90' lang='lat' dir='ltr'>Per</span> <span class='ocrx_word' id='word_1_179' title='bbox 275 2867 391 2943; x_wconf 78' lang='lat' dir='ltr'>lignum</span> <span class='ocrx_word' id='word_1_180' title='bbox 419 2866 499 2924; x_wconf 87' lang='lat' dir='ltr'>servi</span> <span class='ocrx_word' id='word_1_181' title='bbox 525 2866 599 2924; x_wconf 83' lang='lat' dir='ltr'>facti</span> <span class='ocrx_word' id='word_1_182' title='bbox 627 2887 747 2925; x_wconf 88' lang='lat' dir='ltr'>sumus:</span> <span class='ocrx_word' id='word_1_183' title='bbox 779 2874 810 2925; x_wconf 90' lang='lat' dir='ltr'>et</span> <span class='ocrx_word' id='word_1_184' title='bbox 835 2886 888 2943; x_wconf 87' lang='lat' dir='ltr'>per</span> <span class='ocrx_word' id='word_1_185' title='bbox 915 2873 1046 2925; x_wconf 83' lang='lat' dir='ltr'>sanctam</span> <span class='ocrx_word' id='word_1_186' title='bbox 1073 2887 1191 2926; x_wconf 90' lang='lat' dir='ltr'>crucem</span> <span class='ocrx_word' id='word_1_187' title='bbox 1217 2868 1336 2929; x_wconf 88' lang='lat' dir='ltr'>liberati</span> 
     </span>
     <span class='ocr_line' id='line_1_32' title="bbox 131 2947 1272 3028; baseline 0.005 -24"><span class='ocrx_word' id='word_1_188' title='bbox 131 2967 252 3006; x_wconf 85' lang='lat' dir='ltr'>sumus:</span> <span class='ocrx_word' id='word_1_189' title='bbox 273 2947 387 3005; x_wconf 84' lang='lat' dir='ltr'>fructus</span> <span class='ocrx_word' id='word_1_190' title='bbox 401 2947 513 3004; x_wconf 90' lang='lat' dir='ltr'>arboris</span> <span class='ocrx_word' id='word_1_191' title='bbox 527 2949 646 3006; x_wconf 84' lang='lat' dir='ltr'>seduxit</span> <span class='ocrx_word' id='word_1_192' title='bbox 660 2968 722 3021; x_wconf 77' lang='lat' dir='ltr'>noa,</span> <span class='ocrx_word' id='word_1_193' title='bbox 737 2949 833 3006; x_wconf 87' lang='lat' dir='ltr'>Filius</span> <span class='ocrx_word' id='word_1_194' title='bbox 847 2947 905 3005; x_wconf 92' lang='lat' dir='ltr'>Dei</span> <span class='ocrx_word' id='word_1_195' title='bbox 919 2949 1045 3006; x_wconf 87' lang='lat' dir='ltr'>redemit</span> <span class='ocrx_word' id='word_1_196' title='bbox 1058 2969 1121 3023; x_wconf 89' lang='lat' dir='ltr'>nos,</span> <span class='ocrx_word' id='word_1_197' title='bbox 1135 2949 1272 3028; x_wconf 81' lang='lat' dir='ltr'>alleluya.</span> 
     </span>
    </p>

    <p class='ocr_par' dir='ltr' id='par_1_18' title="bbox 193 3029 436 3087">
     <span class='ocr_line' id='line_1_33' title="bbox 193 3029 436 3087; baseline 0.008 -3"><span class='ocrx_word' id='word_1_198' title='bbox 193 3029 436 3087; x_wconf 82' lang='lat' dir='ltr'>Poatcoramurtio.</span> 
     </span>
    </p>

    <p class='ocr_par' dir='ltr' id='par_1_19' title="bbox 133 3109 1336 3411">
     <span class='ocr_line' id='line_1_34' title="bbox 193 3109 1334 3188; baseline 0.004 -22"><span class='ocrx_word' id='word_1_199' title='bbox 193 3109 315 3185; x_wconf 87' lang='lat' dir='ltr'>Repleti</span> <span class='ocrx_word' id='word_1_200' title='bbox 341 3109 481 3167; x_wconf 87' lang='lat' dir='ltr'>alimonia</span> <span class='ocrx_word' id='word_1_201' title='bbox 508 3109 617 3167; x_wconf 86' lang='lat' dir='ltr'>caelesti</span> <span class='ocrx_word' id='word_1_202' title='bbox 646 3116 677 3167; x_wconf 91' lang='lat' dir='ltr'>et</span> <span class='ocrx_word' id='word_1_203' title='bbox 700 3110 848 3185; x_wconf 89' lang='lat' dir='ltr'>spirituali</span> <span class='ocrx_word' id='word_1_204' title='bbox 871 3110 975 3186; x_wconf 92' lang='lat' dir='ltr'>poculo</span> <span class='ocrx_word' id='word_1_205' title='bbox 1002 3110 1134 3183; x_wconf 82' lang='lat' dir='ltr'>recreati,</span> <span class='ocrx_word' id='word_1_206' title='bbox 1156 3131 1334 3188; x_wconf 84' lang='lat' dir='ltr'>quaesumus,</span> 
     </span>
     <span class='ocr_line' id='line_1_35' title="bbox 133 3190 1335 3269; baseline 0.005 -22"><span class='ocrx_word' id='word_1_207' title='bbox 133 3190 319 3266; x_wconf 87' lang='lat' dir='ltr'>omnipotens</span> <span class='ocrx_word' id='word_1_208' title='bbox 333 3190 424 3262; x_wconf 89' lang='lat' dir='ltr'>Deus,</span> <span class='ocrx_word' id='word_1_209' title='bbox 436 3196 472 3246; x_wconf 89' lang='lat' dir='ltr'>ut</span> <span class='ocrx_word' id='word_1_210' title='bbox 485 3190 523 3247; x_wconf 89' lang='lat' dir='ltr'>ab</span> <span class='ocrx_word' id='word_1_211' title='bbox 536 3191 620 3248; x_wconf 89' lang='lat' dir='ltr'>hoste</span> <span class='ocrx_word' id='word_1_212' title='bbox 643 3192 772 3267; x_wconf 82' lang='lat' dir='ltr'>maligno</span> <span class='ocrx_word' id='word_1_213' title='bbox 793 3191 933 3249; x_wconf 88' lang='lat' dir='ltr'>defendas</span> <span class='ocrx_word' id='word_1_214' title='bbox 946 3211 1019 3267; x_wconf 91' lang='lat' dir='ltr'>quos</span> <span class='ocrx_word' id='word_1_215' title='bbox 1032 3212 1085 3269; x_wconf 85' lang='lat' dir='ltr'>per</span> <span class='ocrx_word' id='word_1_216' title='bbox 1097 3193 1214 3269; x_wconf 87' lang='lat' dir='ltr'>liguum</span> <span class='ocrx_word' id='word_1_217' title='bbox 1227 3200 1335 3253; x_wconf 66' lang='lat' dir='ltr'>sancta</span> 
     </span>
     <span class='ocr_line' id='line_1_36' title="bbox 133 3271 1336 3350; baseline 0.005 -22"><span class='ocrx_word' id='word_1_218' title='bbox 133 3271 227 3329; x_wconf 89' lang='lat' dir='ltr'>crucis</span> <span class='ocrx_word' id='word_1_219' title='bbox 241 3272 313 3328; x_wconf 86' lang='lat' dir='ltr'>Filii</span> <span class='ocrx_word' id='word_1_220' title='bbox 325 3271 373 3329; x_wconf 89' lang='lat' dir='ltr'>tui</span> <span class='ocrx_word' id='word_1_221' title='bbox 386 3271 475 3328; x_wconf 87' lang='lat' dir='ltr'>armis</span> <span class='ocrx_word' id='word_1_222' title='bbox 485 3272 612 3347; x_wconf 87' lang='lat' dir='ltr'>justitiae</span> <span class='ocrx_word' id='word_1_223' title='bbox 626 3292 679 3348; x_wconf 89' lang='lat' dir='ltr'>pro</span> <span class='ocrx_word' id='word_1_224' title='bbox 693 3272 789 3329; x_wconf 90' lang='lat' dir='ltr'>salute</span> <span class='ocrx_word' id='word_1_225' title='bbox 802 3273 907 3329; x_wconf 92' lang='lat' dir='ltr'>mundi</span> <span class='ocrx_word' id='word_1_226' title='bbox 919 3273 1103 3349; x_wconf 84' lang='lat' dir='ltr'>triumphare</span> <span class='ocrx_word' id='word_1_227' title='bbox 1111 3275 1240 3350; x_wconf 86' lang='lat' dir='ltr'>jussisti.</span> <span class='ocrx_word' id='word_1_228' title='bbox 1278 3275 1336 3334; x_wconf 85' lang='lat' dir='ltr'>Por</span> 
     </span>
     <span class='ocr_line' id='line_1_37' title="bbox 134 3353 269 3411; baseline 0 -1"><span class='ocrx_word' id='word_1_229' title='bbox 134 3353 269 3411; x_wconf 89' lang='lat' dir='ltr'>eundem.</span> 
     </span>
    </p>
   </div>
   <div class='ocr_carea' id='block_1_3' title="bbox 131 3555 1334 3731">
    <p class='ocr_par' dir='ltr' id='par_1_20' title="bbox 131 3555 1334 3731">
     <span class='ocr_line' id='line_1_38' title="bbox 131 3555 1334 3631; baseline 0.006 -19"><span class='ocrx_word' id='word_1_230' title='bbox 131 3555 245 3614; x_wconf 82' lang='lat' dir='ltr'>Eonsu</span> <span class='ocrx_word' id='word_1_231' title='bbox 266 3572 321 3613; x_wconf 82' lang='lat' dir='ltr'>mx</span> <span class='ocrx_word' id='word_1_232' title='bbox 339 3571 519 3614; x_wconf 76' lang='lat' dir='ltr'>saxcroaun</span> <span class='ocrx_word' id='word_1_233' title='bbox 538 3572 710 3613; x_wconf 75' lang='lat' dir='ltr'>naurxauu</span> <span class='ocrx_word' id='word_1_234' title='bbox 728 3557 926 3629; x_wconf 78' lang='lat' dir='ltr'>Ansxxrnnr,</span> <span class='ocrx_word' id='word_1_235' title='bbox 946 3555 1087 3631; x_wconf 79' lang='lat' dir='ltr'>Evnrru,</span> <span class='ocrx_word' id='word_1_236' title='bbox 1102 3573 1140 3614; x_wconf 81' lang='lat' dir='ltr'>nr</span> <span class='ocrx_word' id='word_1_237' title='bbox 1161 3557 1334 3619; x_wconf 71' lang='lat' dir='ltr'>Turonum</span> 
     </span>
     <span class='ocr_line' id='line_1_39' title="bbox 611 3651 850 3731; baseline 0.008 -24"><span class='ocrx_word' id='word_1_238' title='bbox 611 3651 651 3728; x_wconf 90' lang='lat' dir='ltr'>(v.</span> <span class='ocrx_word' id='word_1_239' title='bbox 667 3651 746 3709; x_wconf 90' lang='lat' dir='ltr'>Non.</span> <span class='ocrx_word' id='word_1_240' title='bbox 763 3651 850 3731; x_wconf 82' lang='lat' dir='ltr'>Mai.)</span> 
     </span>
    </p>
   </div>
   <div class='ocr_carea' id='block_1_4' title="bbox 123 3779 1333 4507">
    <p class='ocr_par' dir='ltr' id='par_1_21' title="bbox 193 3779 736 3856">
     <span class='ocr_line' id='line_1_40' title="bbox 193 3779 736 3856; baseline 0.002 -17"><span class='ocrx_word' id='word_1_241' title='bbox 193 3779 334 3856; x_wconf 84' lang='lat' dir='ltr'>Officium.</span> <span class='ocrx_word' id='word_1_242' title='bbox 379 3779 632 3839; x_wconf 85' lang='lat' dir='ltr'>Exclamaverunt</span> <span class='ocrx_word' id='word_1_243' title='bbox 646 3781 684 3839; x_wconf 93' lang='lat' dir='ltr'>ad</span> <span class='ocrx_word' id='word_1_244' title='bbox 699 3788 736 3840; x_wconf 89' lang='lat' dir='ltr'>te.</span> 
     </span>
    </p>

    <p class='ocr_par' dir='ltr' id='par_1_22' title="bbox 194 3862 304 3920">
     <span class='ocr_line' id='line_1_41' title="bbox 194 3862 304 3920; baseline -0.009 0"><span class='ocrx_word' id='word_1_245' title='bbox 194 3862 304 3920; x_wconf 82' lang='lat' dir='ltr'>Oratio.</span> 
     </span>
    </p>

    <p class='ocr_par' dir='ltr' id='par_1_23' title="bbox 127 3943 1333 4169">
     <span class='ocr_line' id='line_1_42' title="bbox 190 3943 1333 4028; baseline 0.007 -29"><span class='ocrx_word' id='word_1_246' title='bbox 190 3943 312 4014; x_wconf 86' lang='lat' dir='ltr'>Praesta,</span> <span class='ocrx_word' id='word_1_247' title='bbox 327 3962 504 4018; x_wconf 81' lang='lat' dir='ltr'>quaesumus,</span> <span class='ocrx_word' id='word_1_248' title='bbox 525 3944 712 4020; x_wconf 88' lang='lat' dir='ltr'>omnipotens</span> <span class='ocrx_word' id='word_1_249' title='bbox 732 3945 823 4016; x_wconf 88' lang='lat' dir='ltr'>Deus,</span> <span class='ocrx_word' id='word_1_250' title='bbox 845 3952 881 4004; x_wconf 89' lang='lat' dir='ltr'>ut</span> <span class='ocrx_word' id='word_1_251' title='bbox 901 3947 953 4022; x_wconf 92' lang='lat' dir='ltr'>qui</span> <span class='ocrx_word' id='word_1_252' title='bbox 974 3953 1145 4004; x_wconf 86' lang='lat' dir='ltr'>sanctorum</span> <span class='ocrx_word' id='word_1_253' title='bbox 1165 3955 1333 4028; x_wconf 78' lang='lat' dir='ltr'>martyrum</span> 
     </span>
     <span class='ocr_line' id='line_1_43' title="bbox 128 4024 1333 4103; baseline 0.01 -22"><span class='ocrx_word' id='word_1_254' title='bbox 128 4032 258 4097; x_wconf 87' lang='lat' dir='ltr'>tuorum,</span> <span class='ocrx_word' id='word_1_255' title='bbox 282 4024 461 4094; x_wconf 87' lang='lat' dir='ltr'>Alexandri,</span> <span class='ocrx_word' id='word_1_256' title='bbox 485 4024 617 4095; x_wconf 88' lang='lat' dir='ltr'>Eventii,</span> <span class='ocrx_word' id='word_1_257' title='bbox 641 4030 672 4082; x_wconf 91' lang='lat' dir='ltr'>et</span> <span class='ocrx_word' id='word_1_258' title='bbox 693 4025 839 4084; x_wconf 84' lang='lat' dir='ltr'>Theoduli</span> <span class='ocrx_word' id='word_1_259' title='bbox 860 4028 999 4086; x_wconf 83' lang='lat' dir='ltr'>natalitia</span> <span class='ocrx_word' id='word_1_260' title='bbox 1022 4029 1154 4103; x_wconf 91' lang='lat' dir='ltr'>colimus,</span> <span class='ocrx_word' id='word_1_261' title='bbox 1177 4048 1196 4088; x_wconf 85' lang='lat' dir='ltr'>a</span> <span class='ocrx_word' id='word_1_262' title='bbox 1218 4034 1333 4093; x_wconf 84' lang='lat' dir='ltr'>cunctis</span> 
     </span>
     <span class='ocr_line' id='line_1_44' title="bbox 127 4105 1133 4169; baseline 0.006 -7"><span class='ocrx_word' id='word_1_263' title='bbox 127 4107 215 4163; x_wconf 88' lang='lat' dir='ltr'>malis</span> <span class='ocrx_word' id='word_1_264' title='bbox 228 4105 456 4163; x_wconf 89' lang='lat' dir='ltr'>imminentibus</span> <span class='ocrx_word' id='word_1_265' title='bbox 469 4124 570 4162; x_wconf 89' lang='lat' dir='ltr'>eorum</span> <span class='ocrx_word' id='word_1_266' title='bbox 585 4106 844 4165; x_wconf 89' lang='lat' dir='ltr'>intercessionibus</span> <span class='ocrx_word' id='word_1_267' title='bbox 857 4109 1024 4168; x_wconf 89' lang='lat' dir='ltr'>liberemur.</span> <span class='ocrx_word' id='word_1_268' title='bbox 1067 4109 1133 4169; x_wconf 90' lang='lat' dir='ltr'>Per.</span> 
     </span>
    </p>

    <p class='ocr_par' dir='ltr' id='par_1_24' title="bbox 189 4185 596 4262">
     <span class='ocr_line' id='line_1_45' title="bbox 189 4185 596 4262; baseline 0.005 -19"><span class='ocrx_word' id='word_1_269' title='bbox 189 4187 331 4262; x_wconf 76' lang='lat' dir='ltr'>Epistola.</span> <span class='ocrx_word' id='word_1_270' title='bbox 374 4185 493 4243; x_wconf 88' lang='lat' dir='ltr'>Reddet</span> <span class='ocrx_word' id='word_1_271' title='bbox 507 4186 596 4245; x_wconf 86' lang='lat' dir='ltr'>Deus.</span> 
     </span>
    </p>

    <p class='ocr_par' dir='ltr' id='par_1_25' title="bbox 189 4267 940 4342">
     <span class='ocr_line' id='line_1_46' title="bbox 189 4267 940 4342; baseline 0.007 -17"><span class='ocrx_word' id='word_1_272' title='bbox 189 4268 338 4342; x_wconf 83' lang='lat' dir='ltr'>Alleluya.</span> <span class='ocrx_word' id='word_1_273' title='bbox 388 4267 417 4325; x_wconf 83' lang='lat' dir='ltr'>V.</span> <span class='ocrx_word' id='word_1_274' title='bbox 441 4267 543 4324; x_wconf 86' lang='lat' dir='ltr'>Sancti</span> <span class='ocrx_word' id='word_1_275' title='bbox 558 4267 612 4338; x_wconf 91' lang='lat' dir='ltr'>tui,</span> <span class='ocrx_word' id='word_1_276' title='bbox 629 4268 766 4341; x_wconf 89' lang='lat' dir='ltr'>Domine,</span> <span class='ocrx_word' id='word_1_277' title='bbox 782 4270 940 4332; x_wconf 88' lang='lat' dir='ltr'>florebunt.</span> 
     </span>
    </p>

    <p class='ocr_par' dir='ltr' id='par_1_26' title="bbox 123 4348 1333 4507">
     <span class='ocr_line' id='line_1_47' title="bbox 188 4348 1333 4427; baseline 0.013 -23"><span class='ocrx_word' id='word_1_278' title='bbox 188 4348 336 4424; x_wconf 82' lang='lat' dir='ltr'>Alleluya</span> <span class='ocrx_word' id='word_1_279' title='bbox 386 4349 415 4407; x_wconf 81' lang='lat' dir='ltr'>V.</span> <span class='ocrx_word' id='word_1_280' title='bbox 439 4348 576 4405; x_wconf 84' lang='lat' dir='ltr'>Surrexit</span> <span class='ocrx_word' id='word_1_281' title='bbox 594 4348 731 4408; x_wconf 80' lang='lat' dir='ltr'>Christus</span> <span class='ocrx_word' id='word_1_282' title='bbox 745 4351 797 4427; x_wconf 92' lang='lat' dir='ltr'>qui</span> <span class='ocrx_word' id='word_1_283' title='bbox 815 4352 927 4410; x_wconf 88' lang='lat' dir='ltr'>creavit</span> <span class='ocrx_word' id='word_1_284' title='bbox 944 4352 1063 4414; x_wconf 86' lang='lat' dir='ltr'>omnia:</span> <span class='ocrx_word' id='word_1_285' title='bbox 1081 4360 1112 4413; x_wconf 89' lang='lat' dir='ltr'>et</span> <span class='ocrx_word' id='word_1_286' title='bbox 1128 4354 1271 4418; x_wconf 80' lang='lat' dir='ltr'>misertus</span> <span class='ocrx_word' id='word_1_287' title='bbox 1288 4363 1333 4419; x_wconf 84' lang='lat' dir='ltr'>ost</span> 
     </span>
     <span class='ocr_line' id='line_1_48' title="bbox 123 4429 692 4507; baseline 0.007 -21"><span class='ocrx_word' id='word_1_288' title='bbox 123 4429 256 4488; x_wconf 89' lang='lat' dir='ltr'>humano</span> <span class='ocrx_word' id='word_1_289' title='bbox 269 4429 389 4507; x_wconf 86' lang='lat' dir='ltr'>generi:</span> <span class='ocrx_word' id='word_1_290' title='bbox 408 4429 453 4488; x_wconf 82' lang='lat' dir='ltr'>oei</span> <span class='ocrx_word' id='word_1_291' title='bbox 465 4431 500 4488; x_wconf 86' lang='lat' dir='ltr'>dc</span> <span class='ocrx_word' id='word_1_292' title='bbox 513 4429 692 4490; x_wconf 69' lang='lat' dir='ltr'>Asaeasioim</span> 
     </span>
    </p>
   </div>
   <div class='ocr_carea' id='block_1_5' title="bbox 0 0 1460 4904">
    <p class='ocr_par' dir='ltr' id='par_1_27' title="bbox 0 0 1460 4904">
     <span class='ocr_line' id='line_1_49' title="bbox 0 0 1460 4904; baseline 0 2"><span class='ocrx_word' id='word_1_293' title='bbox 0 0 1460 4904; x_wconf 95' lang='lat' dir='ltr'> </span> 
     </span>
    </p>
   </div>
  </div>
 </body>
</html>
