2910 4904
594 314 692 380 rata
712 314 870 400 Aequas

485 481 592 553 Psalle,
608 481 700 557 psalle
713 481 781 539 nisu
794 487 859 540 toto

486 562 598 634 Cordis,
613 563 680 634 oris,
696 582 775 634 voce,
789 569 870 636 vote,

525 642 593 700 Ave
606 642 694 719 plena
706 643 811 719 gratia,

484 723 553 780 Ave
566 724 669 800 regina
683 725 829 795 caelorum,

484 805 649 881 Inexperta
661 805 720 860 viri
733 811 842 877 torum,

523 886 636 944 Parens
650 883 760 943 maris*
773 887 878 944 nescia.

483 965 655 1024 Fecundata
668 967 732 1024 sine
744 967 819 1038 viro,

484 1046 623 1106 Genuisti
636 1048 721 1104 modo
735 1048 811 1105 miro

524 1129 696 1186 Genitorcm
709 1128 779 1186 filia.

482 1209 605 1267 Florens
617 1210 722 1268 hortus
736 1216 836 1267 austro
849 1210 948 1282 fiante,

482 1290 574 1348 Porta
588 1290 687 1348 clausa
700 1296 767 1367 post
781 1296 812 1348 et
825 1297 903 1365 ante,
968 1313 970 1317 ·

521 1368 583 1429 Via
596 1371 669 1429 viris
682 1371 773 1429 invia.

482 1452 560 1509 Fusa
575 1453 638 1510 caeli
651 1472 717 1510 rore
731 1452 828 1523 tellus,

481 1533 595 1590 Fusum
610 1534 755 1592 Gedeonis
768 1533 863 1591 vellus

521 1613 652 1672 Deitatis
666 1614 775 1690 pluvia.

481 1694 568 1753 Salve
582 1695 720 1771 splendor
732 1694 912 1752 firmamenti
921 1715 931 1767 3

480 1776 526 1833 Tu
541 1776 707 1852 caliginosae
722 1775 818 1833 menti

522 1857 657 1933 Desuper
670 1856 780 1913 irradia
790 1877 799 1929 3

479 1938 570 1996 Placa
584 1958 672 2008 mare,
688 1939 778 1994 maris
792 1937 887 2008 stella,

479 2018 528 2076 Ne
542 2018 677 2076 involvat
690 2034 744 2076 nos
757 2018 885 2095 procella

520 2100 561 2157 Et
574 2105 734 2177 tempestas
749 2100 845 2158 obvia.

209 2371 248 2448 ffi
351 2296 464 2355 Saron
484 2296 604 2366 Msonr,
626 2309 785 2352 naariam.
830 2291 903 2373 (xiv.
920 2293 989 2351 Kal.
1006 2293 1100 2373 Sept.)

193 2377 218 2434 0
248 2375 333 2434 dum.

185 2455 312 2529 Adesto,
341 2456 479 2532 Domine,
508 2455 772 2534 supplicationibus
799 2452 916 2528 nestris,
946 2461 976 2514 et
1009 2455 1209 2514 intercedente
1242 2457 1328 2514 beato
1419 2447 1435 2480 ·’

126 2534 240 2612 Magno
264 2543 394 2614 martyre
413 2546 475 2612 tuo,
497 2541 536 2596 ab
555 2538 686 2596 hostium
710 2556 764 2593 nos
785 2536 908 2594 defende
932 2537 1077 2614 propitius
1100 2537 1228 2595 incursu.
1271 2536 1329 2594 Per

126 2615 301 2676 Dominum.
644 2626 648 2633 ’

185 2697 310 2757 Secreta.

186 2778 303 2838 Praesta
326 2781 418 2853 nobis,
439 2799 616 2858 quaesumus,
638 2779 823 2855 omnipotens
845 2779 935 2851 Deus,
956 2784 991 2836 ut
1015 2785 1122 2837 nostrae
1146 2777 1327 2836 humilitatis

125 2858 238 2917 oblatio
260 2868 291 2919 ct
310 2880 363 2938 pro
383 2868 503 2920 tuorum
523 2861 580 2918 tibi
600 2866 684 2937 grata
704 2861 744 2918 sit
764 2860 875 2918 honore
894 2866 1071 2934 sanctorum,
1087 2867 1117 2919 et
1133 2879 1187 2918 nos
1208 2878 1327 2937 corpore

125 2940 239 3016 pariter
252 2947 283 2999 ot
295 2947 395 3000 mente
408 2943 550 3019 purificet.
594 2941 653 2999 Per
666 2941 838 2999 Dominum.

185 3021 429 3081 Postcommaaio.

185 3102 250 3160 Tua
270 3109 373 3161 sancta
392 3109 549 3176 sumentes,
565 3121 742 3179 quaesumus,
758 3100 895 3175 Domine,
910 3109 945 3160 ut
965 3103 1045 3161 beati
1058 3102 1163 3180 Magni
1185 3101 1325 3179 martyris

124 3183 172 3241 tui
185 3203 240 3241 nos
253 3183 375 3242 foveant
388 3186 559 3242 continuata
572 3184 716 3257 praesidia.
759 3183 819 3240 Per
831 3183 1002 3241 Dominum.

188 3264 298 3336 Quinto
312 3263 367 3324 die.
410 3265 597 3340 Sequentio.†

451 3345 612 3403 Benedicta
626 3364 656 3401 es
671 3344 808 3402 caelorum
821 3345 932 3422 regina,

450 3427 491 3484 Et
504 3426 610 3483 mundi
623 3426 716 3482 totius
731 3425 861 3498 domina,

491 3507 533 3564 Et
546 3507 630 3584 aegris
644 3506 798 3564 medicina.

451 3587 497 3646 Tu
512 3587 653 3665 praeclara
667 3587 757 3644 maris

452 3669 546 3727 Stella
559 3667 683 3740 vocaris,

452 3750 525 3819 Quae
540 3750 631 3807 solem
641 3748 769 3824 justitiae
783 3748 873 3825 paris,

491 3831 523 3888 A
537 3850 595 3906 quo
609 3829 797 3887 illuminaris.

451 3911 493 3968 Te
507 3910 590 3969 Deus
604 3916 697 3987 pater,

452 3992 500 4049 Ut
513 3991 572 4049 Dei
586 3997 681 4049 mater

451 4072 561 4144 Fieres,
578 4078 608 4130 et
621 4073 684 4148 ipse
697 4070 791 4129 frater

491 4153 584 4229 Cujus
598 4172 663 4210 oras
677 4152 748 4225 filia,

184 4255 198 4284 ²
213 4254 247 4300 So
256 4253 375 4302 Kahrein.
405 4253 467 4302 Edd.
477 4255 526 4301 and
536 4255 712 4314 MSS-paris.

183 4313 198 4374 †
211 4313 283 4360 MSS.
301 4315 334 4373 A,
349 4314 378 4373 B,
392 4314 441 4359 and
456 4315 474 4360 0
490 4315 546 4374 give
560 4315 587 4360 in
601 4315 642 4360 the
659 4313 797 4360 Sanctorale
816 4313 855 4360 for
869 4313 927 4370 this,
942 4311 983 4360 the
1002 4311 1057 4359 fifth
1072 4310 1119 4370 day
1134 4309 1159 4356 of
1178 4311 1219 4357 the
1234 4307 1325 4379 Octavo

127 4371 258 4476 ffimlnsiva
277 4373 303 4420 of
324 4372 367 4419 the
391 4371 464 4420 Fessi
481 4374 536 4421 itsel
566 4391 572 4432 ς
592 4374 634 4419 the
653 4373 785 4432 Sequanos,
801 4373 915 4419 “Missus
931 4371 1061 4430 Gabriel;”
1080 4369 1128 4415 and
1145 4369 1183 4416 for
1203 4368 1245 4415 the
1260 4366 1326 4414 sixth

173 4465 180 4490 ‚
194 4436 208 4460 “
214 4432 293 4479 Mittit
311 4431 344 4478 ad
358 4431 501 4490 virginem
584 4433 626 4479 the
641 4433 758 4480 collected
773 4433 909 4491 Sequenoes
930 4431 983 4478 Me.
1000 4431 1019 4477 Ο
1034 4442 1119 4490 agrees
1133 4429 1195 4476 nith
1209 4429 1249 4475 the
1264 4428 1325 4475 text.

128 4445 200 4538 Eds.
213 4491 237 4539 D
250 4491 300 4538 and
316 4491 340 4540 G
355 4491 416 4539 omit
429 4492 470 4539 the
485 4492 623 4551 Sequencea
636 4491 674 4538 ior
689 4493 757 4540 these
770 4495 820 4540 two
834 4493 901 4550 days.
