2910 4904
592 313 692 380 Festa
712 313 873 398 Aepustt.
1293 316 1336 379 83

189 479 389 633 giiiitlllmaiiii,
394 560 489 638 gratia
501 561 596 637 plena,
607 561 754 620 Dominus
764 567 879 620 tecum:
900 559 1056 619 benedicta
1065 566 1100 618 tu
1110 559 1144 617 in
1153 560 1335 634 mulieribus,

128 647 161 700 et
174 641 347 700 benedictus
365 643 479 700 fructus
493 643 607 701 ventris
620 642 674 700 tui

189 738 312 799 Secreta.

190 820 363 895 Subveniat
378 841 554 898 quaesumus,
569 822 708 895 Domine,
723 821 803 898 plebi
816 827 876 878 tuae
891 820 949 877 Dei
962 820 1119 898 genetricis
1132 821 1236 893 oratio,
1247 841 1336 898 quam

127 901 186 959 etsi
198 921 254 978 pro
268 903 436 960 conditione
452 903 548 960 carnis
566 903 705 979 migrasse
727 902 936 978 cognoscimus,
956 903 990 958 in
1012 901 1120 960 caelesti
1141 901 1235 979 gloria
1256 902 1335 979 apud

127 1001 182 1059 pro
195 982 282 1040 nobis
296 1002 379 1041 orare
393 984 561 1041 sentiamus,
604 984 663 1041 Per
677 984 803 1041 eundem
817 983 990 1041 Dominum.

189 1080 342 1156 Praefatio.
384 1081 426 1138 Et
439 1087 469 1139 te
483 1082 515 1138 in
528 1082 750 1159 Assumptione.

191 1177 374 1239 Communia.

185 1260 353 1353 benedicta
365 1280 384 1318 a
396 1260 458 1318 filio
476 1267 537 1334 tuo,
556 1262 694 1334 Domina,
713 1262 784 1338 quia
805 1281 858 1338 per
880 1267 911 1319 te
932 1260 1064 1319 fructum
1081 1259 1152 1318 vitae
1175 1261 1334 1319 communi·

128 1360 270 1400 caumas.

189 1438 431 1497 Postcommuraa'a

189 1519 303 1576 Mensae
330 1519 454 1577 caelestis
480 1519 637 1596 participes
665 1521 769 1593 effecti,
799 1520 991 1596 imploramus
1026 1519 1211 1577 clementiam
1239 1526 1331 1593 tuam,

128 1599 259 1657 Domine
287 1599 370 1657 Deus
396 1606 496 1657 noster
506 1620 515 1672 3
549 1608 584 1658 ut
611 1603 663 1677 qui
690 1602 764 1659 festa
792 1602 850 1659 Dei
873 1601 1030 1678 genetricis
1054 1601 1184 1669 colimus,
1207 1621 1225 1658 a
1247 1602 1334 1658 malis

126 1681 354 1738 imminentibus
387 1681 451 1757 ejus
483 1681 741 1741 intercessionibus
774 1683 941 1741 liberemur.
998 1681 1057 1739 Per
1083 1682 1217 1739 eundem.
1275 1682 1334 1752 Qui

127 1768 236 1820 tecum.

188 1853 351 1914 Haemode
365 1854 478 1913 dicetur
491 1856 588 1914 Missa
600 1856 684 1932 iufra
703 1860 823 1917 Oetaeos
836 1857 897 1915 taisi
909 1857 944 1915 a'a
957 1854 1122 1914 Dominice.

195 1951 334 2027 Officium.
379 1954 567 2012 Gaudeamus
581 1975 681 2013 omnes
694 1958 728 2013 in
741 1957 878 2015 Domino.

195 2052 304 2111 Oratio,
346 2051 532 2112 Veneranda.

121 2201 127 2213 ,
188 2145 333 2220 Epistola.
376 2145 415 2201 In
429 2146 566 2203 omnibus
579 2148 720 2223 requiem.

190 2241 327 2300 Gradale.
371 2241 497 2319 Propter
510 2245 676 2303 veritatem.

188 2323 339 2400 Alleluya.
389 2323 418 2381 V.
440 2325 606 2402 Assumpta
620 2333 665 2384 est
679 2326 778 2383 Maria
791 2327 824 2383 in
838 2326 931 2385 caelos.

188 2439 293 2498 Primo
306 2438 354 2498 die
367 2436 451 2513 infra
470 2441 590 2499 Octavus
603 2440 821 2516 Assumptc‘orais
835 2443 920 2499 beatae
934 2439 971 2496 M
971 2438 1050 2497 oriae.
1093 2437 1258 2512 Sequentia.

455 2547 523 2604 Ave
538 2547 644 2620 Maria,
660 2549 756 2624 gratia
769 2548 875 2624 plena;

456 2628 604 2685 Dominus
618 2635 726 2703 tecum,
741 2630 825 2705 virgo
840 2646 950 2684 serena.

456 2709 619 2767 Benedicta
633 2711 714 2766 tuin
728 2710 910 2781 mulieribus,

458 2790 530 2860 Quae
544 2791 686 2866 peperisti
698 2811 799 2867 pacem
813 2789 983 2846 hominibus

498 2872 539 2927 Et
553 2872 665 2947 angelis
679 2872 803 2948 gloriam
817 2892 822 2928 :

457 2954 498 3009 Et
511 2953 684 3010 benedictus
698 2955 812 3010 fructus
825 2952 939 3008 ventris
953 2950 1008 3022 tui,

459 3034 518 3104 Qui
532 3034 695 3090 cohaeredes
709 3040 744 3091 ut
759 3053 886 3090 essemus
900 3033 955 3104 sui,

498 3115 563 3172 Nos
576 3115 647 3172 fecit
660 3135 713 3190 per
726 3116 860 3191 gratiam.

459 3213 517 3271 Per
530 3214 585 3271 hoc
599 3219 700 3270 autem
715 3213 783 3270 Ave

458 3295 575 3351 Mundo
588 3301 651 3350 tam
665 3314 763 3366 suave,

499 3376 611 3433 Contra
625 3376 720 3432 carnis
730 3377 801 3450 jura

459 3455 598 3513 Genuisti
611 3456 733 3532 prolem,

459 3537 581 3594 Nouum
595 3537 681 3594 stella
695 3537 786 3594 solem

501 3619 589 3674 Nova
602 3619 746 3694 genitura.

460 3717 505 3773 Tu
519 3716 604 3792 parvi
619 3722 648 3773 et
662 3715 764 3791 magni

460 3798 568 3854 Leonis
582 3803 612 3854 et
625 3798 709 3872 Agni

460 3879 621 3936 Salvatoris
637 3876 749 3934 Christi

460 3960 614 4035 Templum
629 3957 782 4029 exstitisti,

501 4041 558 4097 Sed
572 4041 655 4115 virgo
669 4040 789 4096 intacta.

460 4122 505 4177 Tu
520 4122 600 4178 floris
615 4129 644 4177 et
657 4121 732 4176 roris

460 4202 551 4259 Panis
566 4209 596 4259 et
609 4203 743 4278 pastoris,

460 4283 622 4359 Virginum
636 4283 745 4358 regina,

461 4365 541 4421 Rosa
555 4365 618 4421 sine
632 4365 724 4439 spina,

502 4446 647 4505 Genetrix
660 4465 689 4502 es
703 4447 780 4503 facta
790 4465 799 4518 3
