2910 4904
189 322 251 384 136
544 319 593 383 Iu
607 316 730 384 Natali
743 285 853 383 aniius
866 316 1030 403 Apostoli.

247 485 412 560 Sequentia.

188 579 273 636 Clare
286 584 455 636 sanctorum
469 584 588 636 senatus
600 577 808 654 apostolorum,
823 577 958 654 prinecps
967 579 1045 637 orbis
1059 585 1215 654 terrarum,
1230 583 1388 657 rectorque

308 679 475 735 regnorum,

188 740 384 797 Ecclesiarum
399 760 493 797 mores
507 744 537 798 et
551 738 645 796 vitam
659 739 817 810 moderare,

188 821 261 890 Quae
275 841 327 896 per
343 822 507 879 doctrinam
520 826 603 877 tuam
614 820 714 877 fideles
725 827 796 876 sunt
809 821 926 896 ubique.

186 902 356 959 Antiochus
367 908 397 960 et
411 902 524 959 Remus
534 901 699 958 concedunt
713 901 777 972 tibi,
794 901 891 972 Petre,
908 901 992 977 regni
1004 902 1129 975 solium;

188 983 388 1054 Tyrannidem
403 990 446 1054 tu,
462 982 563 1052 Paule,
578 981 813 1039 Alexandrinam
827 982 965 1039 invasisti
979 982 1130 1041 Graeciam.

185 1063 343 1139 AEthiopes
356 1063 498 1134 horridos,
514 1063 666 1133 Matahaee,
681 1062 789 1137 agnelli
799 1064 917 1135 vellere,

188 1144 248 1212 Qui
261 1144 389 1212 maculas
402 1145 513 1201 nesciat
526 1144 649 1218 aliquae,
664 1144 778 1200 vestisti
792 1144 924 1202 candido.

188 1225 308 1296 Thoma,
323 1225 547 1296 Bartholomaee,
558 1225 579 1282 J
581 1225 718 1293 ohannes,
733 1223 880 1301 Philipps,
897 1225 1007 1298 Simon,
1022 1226 1044 1282 J
1045 1225 1187 1302 acobique
1199 1224 1320 1302 pariles,

187 1306 319 1377 Andrea,
334 1306 487 1377 Thaddaee,
503 1305 562 1362 Dei
576 1305 731 1362 bellatores
745 1305 858 1381 inclyti,
904 1328 909 1338 ·

177 1386 237 1443 -En
250 1407 302 1444 vos
312 1387 417 1457 oriens,
432 1393 463 1444 et
476 1387 616 1456 occidens,
631 1387 722 1443 immo
744 1391 820 1442 tores
841 1386 945 1443 mundi
965 1386 1099 1459 circulus,
1114 1406 1145 1444 se
1165 1392 1266 1464 patres
1279 1386 1392 1445 habere

307 1468 447 1544 gaudent,
462 1473 493 1524 et
507 1472 679 1543 exspectant
688 1466 822 1542 judices3

188 1547 229 1604 Et
247 1548 355 1606 idcireo
369 1549 498 1605 mundus
511 1550 606 1605 omnis
619 1548 720 1605 laudes
730 1548 815 1605 vobis
829 1553 859 1605 et
872 1548 997 1605 honores
1010 1549 1120 1607 sanctis
1133 1549 1248 1606 debitos
1261 1547 1393 1625 supplex

308 1630 462 1705 impendit.

247 1733 282 1792 Sa·
295 1733 379 1811 iufra
398 1734 653 1811 Septuupesimam.
698 1735 828 1794 Tractus.
874 1735 933 1803 Qui
947 1736 1101 1808 seminant,
1117 1735 1232 1812 require
1251 1736 1287 1794 iu
1301 1736 1391 1795 Festo

189 1816 281 1873 auius
294 1816 425 1889 cirpiuis.

247 1907 416 1964 affectandum
429 1906 456 1963 J
454 1907 596 1964 ohannem
610 1907 671 1983 (aa.
691 1909 805 1985 12-16).

248 1988 287 2044 In
297 1988 349 2044 illo
359 1996 498 2065 tempore,
511 1989 599 2045 Dixit
606 1988 628 2046 J
630 2009 696 2046 esus
706 1989 855 2064 discipulis
866 1990 939 2061 suis,
956 1990 1024 2046 Hoc
1033 1995 1078 2047 est
1086 1986 1266 2066 praeceptum
1276 2009 1389 2063 meum,

189 2073 224 2125 ut
248 2068 377 2143 diligatis
401 2070 528 2127 invicem
548 2090 638 2144 usque
661 2071 702 2127 od
724 2072 917 2145 quodcunque
941 2071 1086 2146 petieritis
1112 2071 1145 2128 in
1168 2072 1289 2129 nomine
1310 2090 1389 2145 meo,

190 2149 240 2206 det
249 2149 340 2206 vobis.

247 2241 402 2316 Sequentia
415 2243 509 2300 suncti
528 2242 688 2318 Euespelii.
730 2243 897 2301 Secundum
911 2243 1023 2301 Lacum
1036 2244 1124 2320 (aecii.
1141 2244 1257 2322 2430)

250 2323 288 2378 In
302 2324 354 2380 illo
367 2329 505 2399 tempore,
523 2323 614 2381 Facta
627 2331 672 2381 est
685 2325 834 2382 contentio
848 2325 927 2381 inter
940 2326 1096 2401 discipulos
1105 2326 1127 2383 J
1128 2345 1189 2398 esu,
1203 2326 1271 2402 quis
1283 2344 1390 2383 eorum

189 2404 340 2460 videretur
367 2424 428 2462 esse
452 2406 657 2480 majoresque
684 2406 724 2462 ud
750 2411 781 2462 et
808 2406 932 2463 sedeatis
958 2426 1046 2483 super
1069 2407 1199 2479 thronos,
1217 2405 1390 2482 judicantes

190 2485 342 2542 duodecim
356 2486 451 2542 tribus
465 2485 565 2543 Israel.

248 2578 404 2652 Sequentia
417 2579 511 2636 sancti
524 2579 685 2653 Evuupelc‘e'.
728 2577 895 2637 Secundum
908 2579 1082 2636 Mattlsceam
1094 2578 1138 2656 (a.
1157 2580 1272 2658 16-22).

249 2659 289 2715 In
302 2659 354 2715 illo
368 2666 506 2734 tempore,
519 2660 608 2716 Dixit
621 2660 644 2716 J
644 2679 710 2717 esus
724 2660 875 2736 discipulis
889 2660 948 2717 suis
954 2681 963 2733 3
984 2661 1058 2717 Ecce
1072 2679 1126 2736 ego
1140 2661 1231 2718 mitto
1245 2680 1299 2719 vos
1311 2660 1390 2719 sicut

190 2759 258 2797 oves
272 2760 362 2814 usque
376 2741 416 2797 ad
430 2760 523 2815 usque
536 2741 569 2797 in
582 2740 680 2810 finem,
694 2741 742 2798 hic
757 2741 854 2798 salvus
869 2742 933 2800 erit.

253 2831 276 2889 0
298 2833 443 2889 arterium.

250 2830 330 2968 Mffihi
353 2918 452 2968 autem
473 2913 562 2968 nimis
584 2911 771 2970 honorificati
791 2918 862 2970 sunt
886 2914 973 2971 amici
995 2915 1049 2986 tui,
1076 2913 1178 2971 Deus:
1205 2914 1298 2973 nimis
1321 2933 1386 2973 oon·

189 2993 316 3049 fortatus
330 2998 375 3049 est
388 2993 570 3068 principatus
584 3013 691 3052 eorum.

249 3085 290 3143 Iu
305 3085 586 3160 camporainaudi,
601 3086 749 3162 Alleluya.

253 3178 445 3252 offertorium.

253 3260 421 3317 Constitues
448 3280 496 3317 eos
522 3260 667 3337 principes
696 3280 783 3336 super
813 3280 929 3318 omnem
956 3267 1085 3319 terram:
1120 3280 1265 3321 memores
1299 3266 1386 3321 erunt

190 3341 318 3397 nominis
338 3341 385 3397 tui
404 3342 437 3397 in
457 3342 538 3398 omni
557 3342 694 3419 progenie
715 3348 745 3399 et
765 3343 961 3418 generatione.
991 3382 993 3386 ι

254 3433 277 3490 0
301 3432 446 3490 eutonium.

253 3432 421 3570 Inffomnem
434 3520 544 3572 terram
559 3514 654 3571 exivit
674 3534 761 3572 sonus
782 3535 900 3572 eorum:
921 3515 997 3572 etin
1010 3516 1082 3573 fines
1102 3516 1181 3573 orbis
1194 3520 1284 3574 terrae
1297 3516 1387 3577 verbs

193 3613 301 3652 eorum.

265 3686 276 3711 Υ

251 3688 432 3824 gdccieaiidum
456 3767 519 3840 tibi,
546 3768 684 3840 Domine,
708 3789 816 3826 munus
841 3770 998 3842 offerimus,
1021 3790 1080 3846 quo
1103 3771 1184 3828 beati
1203 3770 1244 3832 N.
1259 3772 1387 3849 apostoli

191 3848 343 3905 sollemnia
356 3847 515 3905 recolentes
529 3850 761 3923 purificationem
775 3870 890 3926 quoque
904 3853 1012 3908 nostris
1023 3852 1173 3909 mentibus
1182 3850 1385 3928 imploramus.

191 3929 249 3986 Per
263 3928 425 3986 Dominum
438 3935 571 3986 nostrum
584 3930 606 3987 J
608 3950 689 3988 esum
700 3931 859 3989 Christum.
903 3932 963 4000 Qui
975 3942 1081 3991 tecum.

250 4022 454 4080 Plarimorum
467 4023 667 4097 apostolorum.

249 4115 385 4268 Alliiiiidiia,
401 4195 537 4266 Domine,
554 4216 618 4271 quae
637 4215 690 4272 pro
710 4198 907 4272 apostolorum
927 4203 1048 4255 tuorum
1068 4198 1108 4256 N.
1124 4206 1156 4257 et
1169 4198 1221 4273 N,
1237 4200 1387 4259 sollemni·

189 4282 251 4333 tate
267 4276 422 4334 deferimus
442 4277 586 4353 propitius
605 4277 731 4352 respice3
752 4284 782 4334 et
801 4279 879 4336 mala
899 4279 1005 4353 omnia,
1020 4300 1085 4357 quae
1105 4299 1263 4357 meremur,
1277 4290 1385 4341 averte.

190 4354 247 4413 Per
261 4357 422 4414 Dominum
436 4364 569 4415 nostrum
582 4358 604 4415 J
605 4377 687 4415 esum
701 4358 859 4416 Christum.

251 4437 396 4513 Praefatio.
440 4440 481 4496 Et
494 4445 534 4511 te,
551 4439 685 4512 Domine,
701 4440 879 4515 suppliciter.
