<?xml version="1.0" encoding="UTF-8"?>
<!DOCTYPE html PUBLIC "-//W3C//DTD XHTML 1.0 Transitional//EN"
    "http://www.w3.org/TR/xhtml1/DTD/xhtml1-transitional.dtd">
<html xmlns="http://www.w3.org/1999/xhtml" xml:lang="en" lang="en">
 <head>
  <title>
</title>
<meta http-equiv="Content-Type" content="text/html;charset=utf-8" />
  <meta name='ocr-system' content='tesseract 3.04.00' />
  <meta name='ocr-capabilities' content='ocr_page ocr_carea ocr_par ocr_line ocrx_word'/>
</head>
<body>
  <div class='ocr_page' id='page_1' title='image "./missaleadusumin01churgoog_0231.png"; bbox 0 0 2910 4904; ppageno 0'>
   <div class='ocr_carea' id='block_1_1' title="bbox 520 294 940 383">
    <p class='ocr_par' dir='ltr' id='par_1_1' title="bbox 520 294 940 383">
     <span class='ocr_line' id='line_1_1' title="bbox 520 294 940 383; baseline 0.005 -19"><span class='ocrx_word' id='word_1_1' title='bbox 520 294 706 383; x_wconf 74' lang='lat' dir='ltr'><strong>Sequentia</strong></span> <span class='ocrx_word' id='word_1_2' title='bbox 729 295 940 366; x_wconf 65' lang='lat' dir='ltr'><strong>donimanus</strong></span> 
     </span>
    </p>
   </div>
   <div class='ocr_carea' id='block_1_2' title="bbox 474 463 1026 945">
    <p class='ocr_par' dir='ltr' id='par_1_2' title="bbox 474 463 1026 945">
     <span class='ocr_line' id='line_1_2' title="bbox 474 463 857 523; baseline -0.008 0"><span class='ocrx_word' id='word_1_3' title='bbox 474 463 547 523; x_wconf 83' lang='lat' dir='ltr'><strong>Non</strong></span> <span class='ocrx_word' id='word_1_4' title='bbox 560 470 606 522; x_wconf 89' lang='lat' dir='ltr'><strong>est</strong></span> <span class='ocrx_word' id='word_1_5' title='bbox 620 464 724 521; x_wconf 84' lang='lat' dir='ltr'><strong>domus</strong></span> <span class='ocrx_word' id='word_1_6' title='bbox 737 463 857 521; x_wconf 87' lang='lat' dir='ltr'><strong>ruitura</strong></span> 
     </span>
     <span class='ocr_line' id='line_1_3' title="bbox 479 544 910 621; baseline -0.005 -17"><span class='ocrx_word' id='word_1_7' title='bbox 479 545 548 604; x_wconf 85' lang='lat' dir='ltr'><strong>Hae</strong></span> <span class='ocrx_word' id='word_1_8' title='bbox 560 545 690 603; x_wconf 86' lang='lat' dir='ltr'><strong>subnixa</strong></span> <span class='ocrx_word' id='word_1_9' title='bbox 703 544 894 621; x_wconf 77' lang='lat' dir='ltr'><strong>quadratura,</strong></span> <span class='ocrx_word' id='word_1_10' title='bbox 908 617 910 621; x_wconf 23' lang='grc' dir='ltr'>Ι</span> 
     </span>
     <span class='ocr_line' id='line_1_4' title="bbox 515 624 915 688; baseline 0.008 -3"><span class='ocrx_word' id='word_1_11' title='bbox 515 625 592 685; x_wconf 84' lang='lat' dir='ltr'><strong>Haeo</strong></span> <span class='ocrx_word' id='word_1_12' title='bbox 605 632 651 684; x_wconf 84' lang='lat' dir='ltr'><strong>est</strong></span> <span class='ocrx_word' id='word_1_13' title='bbox 664 626 768 683; x_wconf 90' lang='lat' dir='ltr'><strong>domus</strong></span> <span class='ocrx_word' id='word_1_14' title='bbox 782 624 915 688; x_wconf 86' lang='lat' dir='ltr'><strong>Domini.</strong></span> 
     </span>
     <span class='ocr_line' id='line_1_5' title="bbox 477 706 864 765; baseline 0 0"><span class='ocrx_word' id='word_1_15' title='bbox 477 706 647 765; x_wconf 83' lang='lat' dir='ltr'><strong>Gloriemur</strong></span> <span class='ocrx_word' id='word_1_16' title='bbox 660 707 692 764; x_wconf 93' lang='lat' dir='ltr'><strong>in</strong></span> <span class='ocrx_word' id='word_1_17' title='bbox 705 706 761 764; x_wconf 88' lang='lat' dir='ltr'><strong>hao</strong></span> <span class='ocrx_word' id='word_1_18' title='bbox 774 706 864 765; x_wconf 93' lang='lat' dir='ltr'><strong>domo</strong></span> 
     </span>
     <span class='ocr_line' id='line_1_6' title="bbox 477 787 836 858; baseline -0.008 -11"><span class='ocrx_word' id='word_1_19' title='bbox 477 787 544 858; x_wconf 87' lang='lat' dir='ltr'><strong>Qua</strong></span> <span class='ocrx_word' id='word_1_20' title='bbox 556 787 643 846; x_wconf 86' lang='lat' dir='ltr'><strong>beate</strong></span> <span class='ocrx_word' id='word_1_21' title='bbox 656 787 735 845; x_wconf 76' lang='lat' dir='ltr'><strong>sivit</strong></span> <span class='ocrx_word' id='word_1_22' title='bbox 748 787 836 844; x_wconf 90' lang='lat' dir='ltr'><strong>homo</strong></span> 
     </span>
     <span class='ocr_line' id='line_1_7' title="bbox 517 867 1026 945; baseline 0.006 -19"><span class='ocrx_word' id='word_1_23' title='bbox 517 868 583 927; x_wconf 93' lang='lat' dir='ltr'><strong>Deo</strong></span> <span class='ocrx_word' id='word_1_24' title='bbox 592 869 718 945; x_wconf 77' lang='lat' dir='ltr'><strong>junctus</strong></span> <span class='ocrx_word' id='word_1_25' title='bbox 732 867 857 928; x_wconf 78' lang='lat' dir='ltr'><strong>homini.</strong></span> <span class='ocrx_word' id='word_1_26' title='bbox 963 878 970 912; x_wconf 81' lang='lat'><strong>·&#39;</strong></span> <span class='ocrx_word' id='word_1_27' title='bbox 1024 867 1026 871; x_wconf 62' lang='grc'>’</span> 
     </span>
    </p>
   </div>
   <div class='ocr_carea' id='block_1_3' title="bbox 190 1012 643 1092">
    <p class='ocr_par' dir='ltr' id='par_1_3' title="bbox 190 1012 643 1092">
     <span class='ocr_line' id='line_1_8' title="bbox 190 1012 643 1092; baseline -0.002 -20"><span class='ocrx_word' id='word_1_28' title='bbox 190 1014 234 1072; x_wconf 88' lang='lat' dir='ltr'><strong>De</strong></span> <span class='ocrx_word' id='word_1_29' title='bbox 247 1012 435 1092; x_wconf 63' lang='lat' dir='ltr'><strong>mediatio.</strong></span> <span class='ocrx_word' id='word_1_30' title='bbox 477 1012 643 1089; x_wconf 76' lang='lat' dir='ltr'><strong><em>Sequentia.</em></strong></span> 
     </span>
    </p>
   </div>
   <div class='ocr_carea' id='block_1_4' title="bbox 479 1110 929 1270">
    <p class='ocr_par' dir='ltr' id='par_1_4' title="bbox 479 1110 929 1270">
     <span class='ocr_line' id='line_1_9' title="bbox 479 1110 876 1190; baseline 0.005 -20"><span class='ocrx_word' id='word_1_31' title='bbox 479 1112 501 1171; x_wconf 87' lang='lat' dir='ltr'><strong>J</strong></span> <span class='ocrx_word' id='word_1_32' title='bbox 503 1113 658 1186; x_wconf 70' lang='lat' dir='ltr'><strong>ocrmdara</strong></span> <span class='ocrx_word' id='word_1_33' title='bbox 673 1110 757 1190; x_wconf 80' lang='lat' dir='ltr'>plebs</span> <span class='ocrx_word' id='word_1_34' title='bbox 770 1111 876 1186; x_wconf 84' lang='lat' dir='ltr'><strong>fidelis,</strong></span> 
     </span>
     <span class='ocr_line' id='line_1_10' title="bbox 479 1193 929 1270; baseline 0.011 -20"><span class='ocrx_word' id='word_1_35' title='bbox 479 1193 573 1270; x_wconf 75' lang='lat' dir='ltr'><strong>Cujus</strong></span> <span class='ocrx_word' id='word_1_36' title='bbox 588 1193 679 1251; x_wconf 89' lang='lat' dir='ltr'><strong>Pater</strong></span> <span class='ocrx_word' id='word_1_37' title='bbox 693 1199 738 1252; x_wconf 86' lang='lat' dir='ltr'><strong>est</strong></span> <span class='ocrx_word' id='word_1_38' title='bbox 752 1194 785 1252; x_wconf 86' lang='lat' dir='ltr'><strong>in</strong></span> <span class='ocrx_word' id='word_1_39' title='bbox 799 1193 888 1267; x_wconf 77' lang='lat' dir='ltr'><strong>calis,</strong></span> <span class='ocrx_word' id='word_1_40' title='bbox 927 1259 929 1263; x_wconf 65' lang='grc'><em>,</em></span> 
     </span>
    </p>
   </div>
   <div class='ocr_carea' id='block_1_5' title="bbox 480 1273 952 1432">
    <p class='ocr_par' dir='ltr' id='par_1_5' title="bbox 480 1273 952 1432">
     <span class='ocr_line' id='line_1_11' title="bbox 480 1273 801 1332; baseline 0 0"><span class='ocrx_word' id='word_1_41' title='bbox 480 1274 625 1332; x_wconf 83' lang='lat' dir='ltr'>Recolens</span> <span class='ocrx_word' id='word_1_42' title='bbox 639 1273 801 1332; x_wconf 78' lang='lat' dir='ltr'>Ezechielis</span> 
     </span>
     <span class='ocr_line' id='line_1_12' title="bbox 520 1355 952 1432; baseline 0.002 -19"><span class='ocrx_word' id='word_1_43' title='bbox 520 1355 678 1432; x_wconf 74' lang='lat' dir='ltr'>Prophetae</span> <span class='ocrx_word' id='word_1_44' title='bbox 692 1355 846 1432; x_wconf 85' lang='lat' dir='ltr'><strong>praeconia.</strong></span> <span class='ocrx_word' id='word_1_45' title='bbox 890 1427 893 1431; x_wconf 19' lang='grc' dir='ltr'>Ι</span> <span class='ocrx_word' id='word_1_46' title='bbox 948 1376 952 1382; x_wconf 97' lang='grc'><em>·</em></span> 
     </span>
    </p>
   </div>
   <div class='ocr_carea' id='block_1_6' title="bbox 480 1451 874 1754">
    <p class='ocr_par' dir='ltr' id='par_1_6' title="bbox 480 1451 874 1530">
     <span class='ocr_line' id='line_1_13' title="bbox 480 1451 874 1530; baseline -0.003 -19"><span class='ocrx_word' id='word_1_47' title='bbox 480 1453 536 1512; x_wconf 80' lang='lat' dir='ltr'><strong>Est</strong></span> <span class='ocrx_word' id='word_1_48' title='bbox 549 1451 572 1511; x_wconf 87' lang='lat' dir='ltr'><strong>J</strong></span> <span class='ocrx_word' id='word_1_49' title='bbox 572 1453 703 1511; x_wconf 84' lang='lat' dir='ltr'><strong>ohannes</strong></span> <span class='ocrx_word' id='word_1_50' title='bbox 717 1453 803 1511; x_wconf 88' lang='lat' dir='ltr'><strong>testis</strong></span> <span class='ocrx_word' id='word_1_51' title='bbox 816 1452 874 1530; x_wconf 89' lang='lat' dir='ltr'><strong>ipsi</strong></span> 
     </span>
    </p>

    <p class='ocr_par' dir='ltr' id='par_1_7' title="bbox 480 1533 843 1611">
     <span class='ocr_line' id='line_1_14' title="bbox 480 1533 843 1611; baseline 0 -19"><span class='ocrx_word' id='word_1_52' title='bbox 480 1534 592 1592; x_wconf 84' lang='lat' dir='ltr'><strong>Dicens</strong></span> <span class='ocrx_word' id='word_1_53' title='bbox 605 1533 639 1591; x_wconf 93' lang='lat' dir='ltr'><strong>in</strong></span> <span class='ocrx_word' id='word_1_54' title='bbox 652 1535 843 1611; x_wconf 79' lang='lat' dir='ltr'><strong>Apocalypsi,</strong></span> 
     </span>
    </p>

    <p class='ocr_par' dir='ltr' id='par_1_8' title="bbox 480 1614 850 1754">
     <span class='ocr_line' id='line_1_15' title="bbox 480 1614 850 1693; baseline 0.003 -21"><span class='ocrx_word' id='word_1_55' title='bbox 480 1614 560 1674; x_wconf 86' lang='lat' dir='ltr'>Vere</span> <span class='ocrx_word' id='word_1_56' title='bbox 574 1614 646 1687; x_wconf 82' lang='lat' dir='ltr'><strong>vidi,</strong></span> <span class='ocrx_word' id='word_1_57' title='bbox 661 1634 731 1672; x_wconf 82' lang='lat' dir='ltr'><strong>vero</strong></span> <span class='ocrx_word' id='word_1_58' title='bbox 744 1614 850 1693; x_wconf 81' lang='lat' dir='ltr'><strong>scripsi</strong></span> 
     </span>
     <span class='ocr_line' id='line_1_16' title="bbox 520 1695 799 1754; baseline 0.004 -1"><span class='ocrx_word' id='word_1_59' title='bbox 520 1695 604 1754; x_wconf 86' lang='lat' dir='ltr'><strong>Vera</strong></span> <span class='ocrx_word' id='word_1_60' title='bbox 618 1695 799 1754; x_wconf 84' lang='lat' dir='ltr'><strong>testimonia.</strong></span> 
     </span>
    </p>
   </div>
   <div class='ocr_carea' id='block_1_7' title="bbox 480 1792 903 2095">
    <p class='ocr_par' dir='ltr' id='par_1_9' title="bbox 480 1792 903 1869">
     <span class='ocr_line' id='line_1_17' title="bbox 480 1792 903 1869; baseline 0.005 -19"><span class='ocrx_word' id='word_1_61' title='bbox 480 1792 565 1850; x_wconf 87' lang='lat' dir='ltr'><strong>Ante</strong></span> <span class='ocrx_word' id='word_1_62' title='bbox 578 1792 723 1851; x_wconf 83' lang='lat' dir='ltr'><strong>thronum</strong></span> <span class='ocrx_word' id='word_1_63' title='bbox 736 1793 903 1869; x_wconf 82' lang='lat' dir='ltr'><strong>majestatis</strong></span> 
     </span>
    </p>

    <p class='ocr_par' dir='ltr' id='par_1_10' title="bbox 482 1874 835 1951">
     <span class='ocr_line' id='line_1_18' title="bbox 482 1874 835 1951; baseline 0 -19"><span class='ocrx_word' id='word_1_64' title='bbox 482 1875 559 1932; x_wconf 78' lang='lat' dir='ltr'><strong>Cum</strong></span> <span class='ocrx_word' id='word_1_65' title='bbox 572 1874 727 1951; x_wconf 84' lang='lat' dir='ltr'><strong>spiritibus</strong></span> <span class='ocrx_word' id='word_1_66' title='bbox 739 1874 835 1932; x_wconf 85' lang='lat' dir='ltr'><strong>beatis</strong></span> 
     </span>
    </p>

    <p class='ocr_par' dir='ltr' id='par_1_11' title="bbox 482 1955 829 2095">
     <span class='ocr_line' id='line_1_19' title="bbox 482 1955 829 2026; baseline 0 -14"><span class='ocrx_word' id='word_1_67' title='bbox 482 1955 633 2026; x_wconf 77' lang='lat' dir='ltr'><strong>Quattuor</strong></span> <span class='ocrx_word' id='word_1_68' title='bbox 646 1955 829 2013; x_wconf 78' lang='lat' dir='ltr'><strong>diversitatis</strong></span> 
     </span>
     <span class='ocr_line' id='line_1_20' title="bbox 521 2035 817 2095; baseline 0.003 -1"><span class='ocrx_word' id='word_1_69' title='bbox 521 2035 656 2094; x_wconf 87' lang='lat' dir='ltr'><strong>Adstant</strong></span> <span class='ocrx_word' id='word_1_70' title='bbox 669 2036 817 2095; x_wconf 86' lang='lat' dir='ltr'><strong>animalia.</strong></span> 
     </span>
    </p>
   </div>
   <div class='ocr_carea' id='block_1_8' title="bbox 481 2131 953 2285">
    <p class='ocr_par' dir='ltr' id='par_1_12' title="bbox 481 2131 953 2285">
     <span class='ocr_line' id='line_1_21' title="bbox 481 2131 953 2210; baseline 0 -20"><span class='ocrx_word' id='word_1_71' title='bbox 481 2131 622 2190; x_wconf 84' lang='lat' dir='ltr'><strong>Formam</strong></span> <span class='ocrx_word' id='word_1_72' title='bbox 635 2133 765 2208; x_wconf 87' lang='lat' dir='ltr'><strong>primum</strong></span> <span class='ocrx_word' id='word_1_73' title='bbox 777 2131 953 2210; x_wconf 80' lang='lat' dir='ltr'><strong>aquilinam,</strong></span> 
     </span>
     <span class='ocr_line' id='line_1_22' title="bbox 481 2213 872 2285; baseline 0 -14"><span class='ocrx_word' id='word_1_74' title='bbox 481 2213 524 2271; x_wconf 85' lang='lat' dir='ltr'><strong>Et</strong></span> <span class='ocrx_word' id='word_1_75' title='bbox 537 2214 698 2272; x_wconf 85' lang='lat' dir='ltr'><strong>seeundum</strong></span> <span class='ocrx_word' id='word_1_76' title='bbox 713 2213 872 2285; x_wconf 88' lang='lat' dir='ltr'><strong>leoninam,</strong></span> 
     </span>
    </p>
   </div>
   <div class='ocr_carea' id='block_1_9' title="bbox 482 2293 916 2453">
    <p class='ocr_par' dir='ltr' id='par_1_13' title="bbox 482 2293 916 2453">
     <span class='ocr_line' id='line_1_23' title="bbox 482 2293 916 2354; baseline 0.002 -1"><span class='ocrx_word' id='word_1_77' title='bbox 482 2293 541 2353; x_wconf 83' lang='lat' dir='ltr'><strong>Sed</strong></span> <span class='ocrx_word' id='word_1_78' title='bbox 554 2294 716 2352; x_wconf 88' lang='lat' dir='ltr'><strong>humanam</strong></span> <span class='ocrx_word' id='word_1_79' title='bbox 729 2301 760 2352; x_wconf 91' lang='lat' dir='ltr'><strong>et</strong></span> <span class='ocrx_word' id='word_1_80' title='bbox 773 2295 916 2354; x_wconf 85' lang='lat' dir='ltr'><strong>bovinam</strong></span> 
     </span>
     <span class='ocr_line' id='line_1_24' title="bbox 522 2375 795 2453; baseline 0.004 -20"><span class='ocrx_word' id='word_1_81' title='bbox 522 2375 593 2433; x_wconf 87' lang='lat' dir='ltr'><strong>Duo</strong></span> <span class='ocrx_word' id='word_1_82' title='bbox 605 2382 715 2453; x_wconf 83' lang='lat' dir='ltr'><strong>gerunt</strong></span> <span class='ocrx_word' id='word_1_83' title='bbox 728 2375 795 2434; x_wconf 82' lang='lat' dir='ltr'><strong>alin.</strong></span> 
     </span>
    </p>
   </div>
   <div class='ocr_carea' id='block_1_10' title="bbox 482 2472 923 2775">
    <p class='ocr_par' dir='ltr' id='par_1_14' title="bbox 482 2472 920 2550">
     <span class='ocr_line' id='line_1_25' title="bbox 482 2472 920 2550; baseline 0.002 -19"><span class='ocrx_word' id='word_1_84' title='bbox 482 2472 597 2531; x_wconf 84' lang='lat' dir='ltr'><strong>Formae</strong></span> <span class='ocrx_word' id='word_1_85' title='bbox 611 2475 744 2531; x_wconf 87' lang='lat' dir='ltr'><strong>formant</strong></span> <span class='ocrx_word' id='word_1_86' title='bbox 756 2474 920 2550; x_wconf 82' lang='lat' dir='ltr'><strong>figurarum</strong></span> 
     </span>
    </p>

    <p class='ocr_par' dir='ltr' id='par_1_15' title="bbox 482 2554 887 2631">
     <span class='ocr_line' id='line_1_26' title="bbox 482 2554 887 2631; baseline 0 -19"><span class='ocrx_word' id='word_1_87' title='bbox 482 2554 606 2612; x_wconf 78' lang='lat' dir='ltr'><strong>Formas</strong></span> <span class='ocrx_word' id='word_1_88' title='bbox 620 2554 887 2631; x_wconf 77' lang='lat' dir='ltr'><strong>Evangelistamm,</strong></span> 
     </span>
    </p>

    <p class='ocr_par' dir='ltr' id='par_1_16' title="bbox 484 2634 923 2775">
     <span class='ocr_line' id='line_1_27' title="bbox 484 2634 923 2705; baseline 0.002 -12"><span class='ocrx_word' id='word_1_89' title='bbox 484 2634 599 2705; x_wconf 81' lang='lat' dir='ltr'><strong>Quibus</strong></span> <span class='ocrx_word' id='word_1_90' title='bbox 613 2635 707 2693; x_wconf 88' lang='lat' dir='ltr'><strong>imber</strong></span> <span class='ocrx_word' id='word_1_91' title='bbox 720 2635 923 2694; x_wconf 74' lang='lat' dir='ltr'><strong>doctrinarum</strong></span> 
     </span>
     <span class='ocr_line' id='line_1_28' title="bbox 523 2716 824 2775; baseline 0 -1"><span class='ocrx_word' id='word_1_92' title='bbox 523 2716 626 2774; x_wconf 82' lang='lat' dir='ltr'><strong>Stillat</strong></span> <span class='ocrx_word' id='word_1_93' title='bbox 639 2716 672 2773; x_wconf 90' lang='lat' dir='ltr'><strong>in</strong></span> <span class='ocrx_word' id='word_1_94' title='bbox 686 2716 824 2775; x_wconf 75' lang='lat' dir='ltr'><strong>Ecclesia</strong></span> 
     </span>
    </p>
   </div>
   <div class='ocr_carea' id='block_1_11' title="bbox 483 2812 982 3115">
    <p class='ocr_par' dir='ltr' id='par_1_17' title="bbox 483 2812 982 3048">
     <span class='ocr_line' id='line_1_29' title="bbox 483 2812 982 2889; baseline 0 -17"><span class='ocrx_word' id='word_1_95' title='bbox 483 2813 529 2872; x_wconf 92' lang='lat' dir='ltr'><strong>Hi</strong></span> <span class='ocrx_word' id='word_1_96' title='bbox 543 2819 614 2871; x_wconf 86' lang='lat' dir='ltr'><strong>sunt</strong></span> <span class='ocrx_word' id='word_1_97' title='bbox 627 2813 748 2872; x_wconf 82' lang='lat' dir='ltr'><strong>Marsus</strong></span> <span class='ocrx_word' id='word_1_98' title='bbox 762 2819 793 2872; x_wconf 88' lang='lat' dir='ltr'><strong>et</strong></span> <span class='ocrx_word' id='word_1_99' title='bbox 807 2812 982 2889; x_wconf 83' lang='lat' dir='ltr'><strong>Matthaeus,</strong></span> 
     </span>
     <span class='ocr_line' id='line_1_30' title="bbox 483 2893 911 2970; baseline 0.002 -18"><span class='ocrx_word' id='word_1_100' title='bbox 483 2893 588 2966; x_wconf 83' lang='lat' dir='ltr'><strong>Lucas,</strong></span> <span class='ocrx_word' id='word_1_101' title='bbox 604 2900 635 2952; x_wconf 91' lang='lat' dir='ltr'><strong>et</strong></span> <span class='ocrx_word' id='word_1_102' title='bbox 648 2914 735 2970; x_wconf 89' lang='lat' dir='ltr'><strong>quem</strong></span> <span class='ocrx_word' id='word_1_103' title='bbox 750 2894 911 2954; x_wconf 85' lang='lat' dir='ltr'><strong>Zebedaeus</strong></span> 
     </span>
     <span class='ocr_line' id='line_1_31' title="bbox 483 2974 862 3048; baseline 0.003 -16"><span class='ocrx_word' id='word_1_104' title='bbox 483 2974 576 3033; x_wconf 84' lang='lat' dir='ltr'><strong>Pater</strong></span> <span class='ocrx_word' id='word_1_105' title='bbox 589 2975 673 3033; x_wconf 82' lang='lat' dir='ltr'><strong>misit</strong></span> <span class='ocrx_word' id='word_1_106' title='bbox 686 2975 753 3047; x_wconf 90' lang='lat' dir='ltr'><strong>tibi,</strong></span> <span class='ocrx_word' id='word_1_107' title='bbox 770 2975 862 3048; x_wconf 85' lang='lat' dir='ltr'><strong>Deua,</strong></span> 
     </span>
    </p>

    <p class='ocr_par' dir='ltr' id='par_1_18' title="bbox 523 3055 831 3115">
     <span class='ocr_line' id='line_1_32' title="bbox 523 3055 831 3115; baseline 0.003 -2"><span class='ocrx_word' id='word_1_108' title='bbox 523 3055 606 3113; x_wconf 88' lang='lat' dir='ltr'><strong>Dum</strong></span> <span class='ocrx_word' id='word_1_109' title='bbox 619 3055 735 3114; x_wconf 87' lang='lat' dir='ltr'><strong>laxaret</strong></span> <span class='ocrx_word' id='word_1_110' title='bbox 748 3057 831 3115; x_wconf 83' lang='lat' dir='ltr'><strong>retia</strong></span> 
     </span>
    </p>
   </div>
   <div class='ocr_carea' id='block_1_12' title="bbox 483 3151 975 3812">
    <p class='ocr_par' dir='ltr' id='par_1_19' title="bbox 483 3151 920 3233">
     <span class='ocr_line' id='line_1_33' title="bbox 483 3151 920 3226; baseline 0.002 -17"><span class='ocrx_word' id='word_1_111' title='bbox 483 3151 591 3209; x_wconf 85' lang='lat' dir='ltr'><strong>Forma</strong></span> <span class='ocrx_word' id='word_1_112' title='bbox 604 3151 663 3208; x_wconf 88' lang='lat' dir='ltr'><strong>viri</strong></span> <span class='ocrx_word' id='word_1_113' title='bbox 677 3151 750 3209; x_wconf 90' lang='lat' dir='ltr'><strong>dant</strong></span> <span class='ocrx_word' id='word_1_114' title='bbox 763 3151 920 3226; x_wconf 86' lang='lat' dir='ltr'><strong>Matthseo,</strong></span> 
     </span>
    </p>

    <p class='ocr_par' dir='ltr' id='par_1_20' title="bbox 484 3231 886 3308">
     <span class='ocr_line' id='line_1_34' title="bbox 484 3231 886 3308; baseline 0.005 -19"><span class='ocrx_word' id='word_1_115' title='bbox 484 3231 563 3302; x_wconf 83' lang='lat' dir='ltr'><strong>Quia</strong></span> <span class='ocrx_word' id='word_1_116' title='bbox 575 3232 694 3308; x_wconf 84' lang='lat' dir='ltr'><strong>scripsit</strong></span> <span class='ocrx_word' id='word_1_117' title='bbox 706 3234 748 3290; x_wconf 84' lang='lat' dir='ltr'><strong>sie</strong></span> <span class='ocrx_word' id='word_1_118' title='bbox 762 3233 798 3291; x_wconf 92' lang='lat' dir='ltr'><strong>de</strong></span> <span class='ocrx_word' id='word_1_119' title='bbox 811 3232 886 3305; x_wconf 88' lang='lat' dir='ltr'><strong>Deo,</strong></span> 
     </span>
    </p>

    <p class='ocr_par' dir='ltr' id='par_1_21' title="bbox 483 3311 975 3471">
     <span class='ocr_line' id='line_1_35' title="bbox 483 3311 975 3384; baseline 0.01 -13"><span class='ocrx_word' id='word_1_120' title='bbox 483 3313 568 3372; x_wconf 83' lang='lat' dir='ltr'><strong>Sicut</strong></span> <span class='ocrx_word' id='word_1_121' title='bbox 581 3311 732 3371; x_wconf 83' lang='lat' dir='ltr'><strong>deseendit</strong></span> <span class='ocrx_word' id='word_1_122' title='bbox 744 3314 782 3371; x_wconf 91' lang='lat' dir='ltr'><strong>ab</strong></span> <span class='ocrx_word' id='word_1_123' title='bbox 796 3333 838 3384; x_wconf 89' lang='lat' dir='ltr'><strong>eo,</strong></span> <span class='ocrx_word' id='word_1_124' title='bbox 973 3372 975 3376; x_wconf 89' lang='lat'><em>.</em></span> 
     </span>
     <span class='ocr_line' id='line_1_36' title="bbox 524 3394 944 3471; baseline 0.005 -19"><span class='ocrx_word' id='word_1_125' title='bbox 524 3394 620 3464; x_wconf 84' lang='lat' dir='ltr'><strong>Quem</strong></span> <span class='ocrx_word' id='word_1_126' title='bbox 634 3394 800 3471; x_wconf 80' lang='lat' dir='ltr'><strong>plasmavit,</strong></span> <span class='ocrx_word' id='word_1_127' title='bbox 816 3394 944 3454; x_wconf 79' lang='lat' dir='ltr'><strong>homine.</strong></span> 
     </span>
    </p>

    <p class='ocr_par' dir='ltr' id='par_1_22' title="bbox 483 3491 869 3570">
     <span class='ocr_line' id='line_1_37' title="bbox 483 3491 869 3570; baseline -0.003 -20"><span class='ocrx_word' id='word_1_128' title='bbox 483 3491 581 3550; x_wconf 82' lang='lat' dir='ltr'><strong>Lucas</strong></span> <span class='ocrx_word' id='word_1_129' title='bbox 594 3492 647 3549; x_wconf 88' lang='lat' dir='ltr'><strong>bos</strong></span> <span class='ocrx_word' id='word_1_130' title='bbox 659 3499 706 3549; x_wconf 86' lang='lat' dir='ltr'><strong>est</strong></span> <span class='ocrx_word' id='word_1_131' title='bbox 718 3492 751 3549; x_wconf 91' lang='lat' dir='ltr'><strong>in</strong></span> <span class='ocrx_word' id='word_1_132' title='bbox 764 3492 869 3570; x_wconf 85' lang='lat' dir='ltr'><strong>figura,</strong></span> 
     </span>
    </p>

    <p class='ocr_par' dir='ltr' id='par_1_23' title="bbox 484 3571 966 3651">
     <span class='ocr_line' id='line_1_38' title="bbox 484 3571 966 3651; baseline 0.004 -21"><span class='ocrx_word' id='word_1_133' title='bbox 484 3571 583 3642; x_wconf 86' lang='lat' dir='ltr'><strong>Quam</strong></span> <span class='ocrx_word' id='word_1_134' title='bbox 596 3573 756 3650; x_wconf 86' lang='lat' dir='ltr'><strong>praetendit</strong></span> <span class='ocrx_word' id='word_1_135' title='bbox 769 3574 802 3630; x_wconf 91' lang='lat' dir='ltr'><strong>in</strong></span> <span class='ocrx_word' id='word_1_136' title='bbox 818 3572 966 3651; x_wconf 78' lang='lat' dir='ltr'><strong>scripturn</strong></span> 
     </span>
    </p>

    <p class='ocr_par' dir='ltr' id='par_1_24' title="bbox 484 3653 883 3812">
     <span class='ocr_line' id='line_1_39' title="bbox 484 3653 883 3730; baseline 0.003 -19"><span class='ocrx_word' id='word_1_137' title='bbox 484 3653 663 3711; x_wconf 84' lang='lat' dir='ltr'><strong>Hostiarum</strong></span> <span class='ocrx_word' id='word_1_138' title='bbox 677 3659 802 3730; x_wconf 83' lang='lat' dir='ltr'><strong>tangens</strong></span> <span class='ocrx_word' id='word_1_139' title='bbox 811 3654 883 3730; x_wconf 86' lang='lat' dir='ltr'><strong>jura</strong></span> 
     </span>
     <span class='ocr_line' id='line_1_40' title="bbox 525 3734 850 3812; baseline 0.003 -20"><span class='ocrx_word' id='word_1_140' title='bbox 525 3735 612 3812; x_wconf 75' lang='lat' dir='ltr'><strong>Iagis</strong></span> <span class='ocrx_word' id='word_1_141' title='bbox 626 3735 681 3792; x_wconf 91' lang='lat' dir='ltr'><strong>sub</strong></span> <span class='ocrx_word' id='word_1_142' title='bbox 695 3734 850 3793; x_wconf 85' lang='lat' dir='ltr'><strong>velamine.</strong></span> 
     </span>
    </p>
   </div>
   <div class='ocr_carea' id='block_1_13' title="bbox 484 3831 925 4134">
    <p class='ocr_par' dir='ltr' id='par_1_25' title="bbox 485 3831 914 3909">
     <span class='ocr_line' id='line_1_41' title="bbox 485 3831 914 3909; baseline 0.002 -19"><span class='ocrx_word' id='word_1_143' title='bbox 485 3832 606 3891; x_wconf 81' lang='lat' dir='ltr'><strong>Marcus</strong></span> <span class='ocrx_word' id='word_1_144' title='bbox 619 3833 665 3891; x_wconf 88' lang='lat' dir='ltr'><strong>leo</strong></span> <span class='ocrx_word' id='word_1_145' title='bbox 678 3851 732 3909; x_wconf 90' lang='lat' dir='ltr'><strong>per</strong></span> <span class='ocrx_word' id='word_1_146' title='bbox 745 3831 896 3891; x_wconf 83' lang='lat' dir='ltr'><strong>desertum</strong></span> <span class='ocrx_word' id='word_1_147' title='bbox 910 3847 914 3854; x_wconf 84' lang='lat'>·</span> 
     </span>
    </p>

    <p class='ocr_par' dir='ltr' id='par_1_26' title="bbox 484 3912 925 3991">
     <span class='ocr_line' id='line_1_42' title="bbox 484 3912 925 3991; baseline -0.005 -19"><span class='ocrx_word' id='word_1_148' title='bbox 484 3913 624 3972; x_wconf 80' lang='lat' dir='ltr'><strong>Olamans</strong></span> <span class='ocrx_word' id='word_1_149' title='bbox 636 3913 718 3990; x_wconf 86' lang='lat' dir='ltr'><strong>rugit</strong></span> <span class='ocrx_word' id='word_1_150' title='bbox 732 3912 764 3970; x_wconf 92' lang='lat' dir='ltr'><strong>in</strong></span> <span class='ocrx_word' id='word_1_151' title='bbox 780 3920 925 3991; x_wconf 82' lang='lat' dir='ltr'><strong>apertum,</strong></span> 
     </span>
    </p>

    <p class='ocr_par' dir='ltr' id='par_1_27' title="bbox 484 3993 916 4134">
     <span class='ocr_line' id='line_1_43' title="bbox 484 3993 833 4066; baseline -0.003 -14"><span class='ocrx_word' id='word_1_152' title='bbox 484 3993 551 4052; x_wconf 89' lang='lat' dir='ltr'><strong>Iter</strong></span> <span class='ocrx_word' id='word_1_153' title='bbox 563 3994 618 4051; x_wconf 83' lang='lat' dir='ltr'><strong>fiat</strong></span> <span class='ocrx_word' id='word_1_154' title='bbox 630 3993 696 4052; x_wconf 87' lang='lat' dir='ltr'><strong>Deo</strong></span> <span class='ocrx_word' id='word_1_155' title='bbox 710 4000 833 4066; x_wconf 87' lang='lat' dir='ltr'><strong>certum,</strong></span> 
     </span>
     <span class='ocr_line' id='line_1_44' title="bbox 525 4074 916 4134; baseline 0.003 -1"><span class='ocrx_word' id='word_1_156' title='bbox 525 4075 674 4133; x_wconf 83' lang='lat' dir='ltr'><strong>Mundum</strong></span> <span class='ocrx_word' id='word_1_157' title='bbox 688 4094 739 4132; x_wconf 88' lang='lat' dir='ltr'><strong>eor</strong></span> <span class='ocrx_word' id='word_1_158' title='bbox 751 4095 769 4132; x_wconf 87' lang='lat' dir='ltr'><strong>a</strong></span> <span class='ocrx_word' id='word_1_159' title='bbox 781 4074 916 4134; x_wconf 85' lang='lat' dir='ltr'><strong>arimino.</strong></span> 
     </span>
    </p>
   </div>
   <div class='ocr_carea' id='block_1_14' title="bbox 484 4171 865 4474">
    <p class='ocr_par' dir='ltr' id='par_1_28' title="bbox 484 4171 856 4231">
     <span class='ocr_line' id='line_1_45' title="bbox 484 4171 856 4231; baseline 0 0"><span class='ocrx_word' id='word_1_160' title='bbox 484 4171 543 4231; x_wconf 80' lang='lat' dir='ltr'><strong>Sed</strong></span> <span class='ocrx_word' id='word_1_161' title='bbox 555 4171 578 4231; x_wconf 87' lang='lat' dir='ltr'><strong>J</strong></span> <span class='ocrx_word' id='word_1_162' title='bbox 578 4173 710 4230; x_wconf 81' lang='lat' dir='ltr'><strong>ohannes</strong></span> <span class='ocrx_word' id='word_1_163' title='bbox 723 4171 771 4229; x_wconf 87' lang='lat' dir='ltr'><strong>ala</strong></span> <span class='ocrx_word' id='word_1_164' title='bbox 783 4172 856 4231; x_wconf 82' lang='lat' dir='ltr'><strong>bina</strong></span> 
     </span>
    </p>

    <p class='ocr_par' dir='ltr' id='par_1_29' title="bbox 485 4252 775 4329">
     <span class='ocr_line' id='line_1_46' title="bbox 485 4252 775 4329; baseline 0 -18"><span class='ocrx_word' id='word_1_165' title='bbox 485 4252 628 4311; x_wconf 78' lang='lat' dir='ltr'><strong>Ouritstis</strong></span> <span class='ocrx_word' id='word_1_166' title='bbox 640 4252 775 4329; x_wconf 80' lang='lat' dir='ltr'><strong>aquilina</strong></span> 
     </span>
    </p>

    <p class='ocr_par' dir='ltr' id='par_1_30' title="bbox 484 4333 865 4474">
     <span class='ocr_line' id='line_1_47' title="bbox 484 4333 865 4393; baseline 0.003 -1"><span class='ocrx_word' id='word_1_167' title='bbox 484 4334 594 4392; x_wconf 85' lang='lat' dir='ltr'><strong>Forma</strong></span> <span class='ocrx_word' id='word_1_168' title='bbox 606 4333 703 4392; x_wconf 73' lang='lat' dir='ltr'><strong>fertur</strong></span> <span class='ocrx_word' id='word_1_169' title='bbox 715 4335 748 4391; x_wconf 91' lang='lat' dir='ltr'><strong>in</strong></span> <span class='ocrx_word' id='word_1_170' title='bbox 760 4333 865 4393; x_wconf 80' lang='lat' dir='ltr'><strong>divim</strong></span> 
     </span>
     <span class='ocr_line' id='line_1_48' title="bbox 526 4414 780 4474; baseline 0 0"><span class='ocrx_word' id='word_1_171' title='bbox 526 4414 646 4474; x_wconf 81' lang='lat' dir='ltr'><strong>Pariori</strong></span> <span class='ocrx_word' id='word_1_172' title='bbox 658 4415 780 4474; x_wconf 82' lang='lat' dir='ltr'><strong>lumine.</strong></span> 
     </span>
    </p>
   </div>
   <div class='ocr_carea' id='block_1_15' title="bbox 0 0 1468 4904">
    <p class='ocr_par' dir='ltr' id='par_1_31' title="bbox 0 0 1468 4904">
     <span class='ocr_line' id='line_1_49' title="bbox 0 0 1468 4904; baseline 0 0"><span class='ocrx_word' id='word_1_173' title='bbox 0 0 1468 4904; x_wconf 95' lang='lat' dir='ltr'><strong> </strong></span> 
     </span>
    </p>
   </div>
  </div>
 </body>
</html>
