2910 4904
589 324 686 393 Festo
706 327 867 412 Aequora

455 493 481 552 Ο
496 512 585 571 quam
599 493 745 552 mirabilis

453 575 496 632 Et
509 594 600 651 quam
612 574 770 634 laudabilis

498 655 574 714 Haec
587 661 632 714 est
646 656 803 732 virginitas
813 676 823 732 3

454 737 494 794 In
508 757 567 814 qua
580 755 633 813 per
647 737 794 814 Spiritum
834 735 842 747 ’

453 817 546 876 Facta
560 818 742 875 Peraclitum

495 898 594 957 Fulsit
607 899 780 957 fecunditas.

455 979 481 1037 Ο
496 999 586 1056 quam
600 980 696 1056 digna,
713 1000 802 1056 quam
816 999 927 1053 serena,

456 1061 552 1131 Quam
566 1061 702 1137 benigna,
717 1081 807 1137 quam
820 1081 945 1136 amoena,

495 1142 544 1198 Ex
559 1161 618 1218 qua
633 1141 770 1200 Christus
783 1144 922 1201 nascitur.

454 1223 514 1280 Per
527 1243 616 1298 quam
631 1223 758 1281 servitus
772 1223 885 1296 finitur,

454 1304 547 1361 Porta
561 1304 626 1361 caeli
639 1305 782 1380 aperitur,

495 1385 536 1442 Et
550 1384 671 1442 libertas
685 1385 826 1444 redditur.

456 1466 481 1524 Ο
496 1466 642 1524 castitatis
655 1465 762 1538 lilium,

455 1547 553 1604 Tuum
567 1545 706 1624 precare*
720 1547 843 1621 Filium,
965 1581 968 1588 ·

497 1628 558 1697 Qui
570 1628 648 1685 salus
662 1634 707 1686 est
720 1629 879 1686 humilium
892 1648 901 1702 3

455 1708 504 1766 Ne
517 1728 571 1766 uos
585 1729 638 1786 pro
655 1715 757 1768 nostro
771 1711 846 1768 vitio

455 1790 495 1846 In
508 1790 602 1847 flebili
612 1790 727 1866 judicio

497 1871 643 1946 Subjiciat
657 1871 800 1947 supplicio
812 1891 821 1944 3

457 1951 515 2009 sed
527 1971 581 2008 nos
595 1958 648 2010 tua
663 1958 764 2010 sancta
778 1972 863 2029 prece

496 2033 648 2090 Mundans
661 2053 680 2090 a
692 2034 806 2110 pcccati
819 2034 897 2108 faece,

457 2113 588 2172 Collocet
602 2115 634 2171 in
648 2114 722 2172 lucis
737 2115 832 2188 domo,

497 2195 595 2264 Quam
608 2215 661 2271 per
675 2201 706 2253 tc
720 2197 830 2272 recepit
844 2196 940 2254 homo.

310 2433 351 2489 Iu
373 2432 499 2490 Ocravs
520 2448 628 2490 siucrr
651 2432 834 2491 Lausum.
878 2433 951 2511 (xvi.
969 2433 1039 2491 Kal.
1056 2432 1151 2512 Sept.)

197 2577 220 2635 O
265 2577 338 2633 iuria.

188 2576 336 2728 Piiilcrasti,
349 2656 486 2727 Domine,
503 2675 552 2712 cor
566 2674 665 2712 meum
679 2661 710 2711 et
723 2655 853 2712 visitasti
866 2660 972 2712 nocte:
992 2655 1061 2732 igne
1075 2675 1122 2714 mc
1137 2657 1333 2714 examinasti:

128 2746 160 2798 et
173 2759 235 2797 non
250 2746 295 2796 est
308 2739 433 2795 inventa
445 2737 479 2792 in
493 2756 540 2793 mc
553 2737 705 2812 iniquitas.

193 2831 339 2888 Paulusne.

190 2913 318 2985 Exaudi,
334 2912 473 2984 Domine,
484 2910 637 2986 justitiam
651 2929 767 2967 meam:
789 2909 911 2968 intende
926 2910 1162 2987 deprecationem
1175 2930 1280 2969 meam.

192 3007 461 3143 geidiioieurentii
481 3085 622 3159 martyris
643 3084 689 3141 tui
709 3103 771 3156 nos²
787 3083 924 3156 Domine,
944 3084 1033 3142 faciat
1052 3085 1149 3161 passio
1169 3085 1336 3144 veneranda

126 3170 283 3308 petentes,
305 3173 336 3225 et
359 3173 394 3222 ut
418 3186 483 3223 eam
505 3166 686 3223 sufficienter
707 3165 880 3237 recolamus,
901 3165 1008 3224 efficiat
1030 3166 1234 3244 promptiores,
1278 3167 1337 3224 Per

162 3269 305 3307 ommum.

192 3341 335 3417 Epistola.
379 3340 490 3398 Beatus
504 3341 560 3411 vir,
576 3340 628 3415 qui
640 3340 780 3397 inventus
795 3345 847 3397 est.

194 3433 330 3492 Gredcle.
373 3433 515 3490 Posuisti.

192 3515 343 3590 Alleluya.
395 3513 423 3571 V.
447 3514 555 3571 Levita
569 3512 759 3570 Laurentius

193 3607 396 3682 Eecnpelium.
442 3606 502 3676 Qui
515 3613 595 3663 amat
610 3611 733 3682 patrem.

201 3688 391 3762 Offlrtorium.
436 3688 475 3744 In
488 3689 601 3745 virtute
614 3694 675 3744 tua.

196 3769 317 3828 Secreto.

195 3851 282 3907 Beati
309 3851 465 3908 Laurentii
484 3850 636 3925 martyris
663 3850 711 3906 tui
737 3848 941 3906 honorabilem
968 3850 1133 3927 passionem
1158 3849 1339 3922 muneribus,

134 3933 269 4002 Domine,
299 3932 458 4008 geminetis
486 3931 695 4006 exsequimur,
731 3950 796 4006 quae
824 3930 895 3989 licet
928 3933 1056 4009 propriis
1084 3933 1125 3988 sit
1152 3931 1342 3989 memoranda

135 4013 295 4089 principiis,
332 4011 536 4069 indesinenter
569 4018 670 4068 tamen
704 4017 858 4088 permanet
892 4013 1026 4088 gloriosa.
1084 4013 1143 4070 Per
1177 4012 1342 4070 Dominum

138 4101 279 4152 nostrum.

197 4176 378 4234 Coninooio.
424 4174 484 4243 Qui
497 4173 564 4229 vult
578 4174 681 4230 venire
694 4179 763 4249 post
778 4193 832 4230 me.

200 4269 442 4328 Poetcommunc'o.
903 4313 907 4322 ,

199 4351 352 4408 Sollemnis
381 4349 466 4406 nobis
493 4348 665 4405 intercessio
691 4349 772 4406 beati
801 4347 958 4407 Laurentii
986 4348 1135 4424 martyris,
1165 4367 1344 4429 quaesumus,

632 4475 645 4499 ³⁶
661 4474 713 4521 MS.
726 4475 863 4521 D-exora..
