2910 4904
124 318 188 381 154
381 315 431 380 In
444 315 534 382 Festo
548 313 658 380 anius
678 312 834 401 Vispiois
848 320 878 380 et
892 314 1066 401 Martyria

185 480 375 554 Offertoriuoa
418 481 573 540 Mirabilis.

186 561 376 635 offertorium.
420 563 630 620 Exsultabunt.

187 642 378 715 offertorium.
422 643 589 701 Laetamini.

185 722 306 781 Secreta.

183 803 310 879 Suscipe,
333 805 468 876 Domine,
491 823 590 879 preces
615 809 646 861 et
669 823 810 877 munera3
834 824 899 881 quae
922 809 958 861 ut
980 809 1034 862 tuo
1055 804 1145 881 digna
1167 804 1232 862 sint
1254 822 1319 861 con·

126 885 247 960 spectui,
262 891 430 941 sanctorum
451 886 647 942 confessorum
671 891 791 942 tuorum
812 885 852 944 N.
872 892 903 943 et
919 885 958 944 N.
980 885 1114 962 precibu·
1135 886 1318 962 adjuvemur.

127 965 191 1024 Per.

185 1044 366 1104 Communia
408 1047 566 1103 Justorum
580 1046 693 1104 animae.

187 1125 367 1185 Communia.
411 1126 544 1184 Gaudete
553 1127 637 1203 justi

185 1207 426 1265 Poatcommaaio.

187 1287 322 1363 Corporis
349 1288 424 1345 sacri
451 1294 482 1345 et
505 1288 626 1364 pretiosi
656 1288 808 1362 sanguinis
834 1289 940 1365 repleti
967 1288 1116 1361 libamine,
1141 1306 1318 1366 quaesumus,

126 1368 255 1427 Domine
269 1368 350 1425 Deus
363 1375 480 1440 noster;
500 1377 535 1425 ut
549 1369 627 1444 quod
641 1370 690 1445 pia
704 1369 860 1427 devotione
873 1370 1010 1445 gerimus,
1025 1377 1106 1428 certa
1118 1369 1321 1447 redemptione

126 1449 281 1528 capiamus.
325 1449 384 1507 Per
397 1450 568 1507 Dominum.

264 1692 271 1706 .
377 1611 417 1667 Iu
437 1610 535 1668 Fasro
556 1626 649 1668 nurus
670 1610 818 1667 Vracnus
839 1626 876 1666 nr
897 1609 1069 1669 Manrrma

184 1693 339 1849 iiiiiiii
349 1772 385 1829 de
398 1772 575 1829 testimoniis
583 1773 644 1829 tuis
653 1772 685 1827 in
699 1734 854 1847 conspectu
868 1791 978 1849 regum,
990 1778 1021 1829 et
1031 1791 1092 1829 non
1102 1771 1320 1831 confundebar:

125 1860 157 1915 et
169 1854 333 1913 meditabar
346 1854 378 1909 in
391 1853 538 1909 mandatis
551 1852 620 1923 tuiti,
637 1872 702 1927 quae
716 1853 808 1909 dilexi
821 1853 917 1910 nimis,

186 1935 331 1993 Fecimus.
374 1932 462 1989 Beati
474 1933 657 1990 immaculati
670 1935 702 1990 in
715 1934 781 1991 via:
803 1934 854 2010 qui
868 1935 1022 1991 ambulant
1035 1935 1067 1991 in
1080 1934 1144 2011 lege
1159 1932 1292 1991 Domini.

187 2014 280 2071 Aliud
296 2013 435 2087 Officium.

187 2095 239 2151 Me
266 2100 508 2169 exspectaverunt
535 2100 699 2169 peccatores
725 2100 761 2151 ut
783 2096 938 2170 perderent
965 2114 1030 2152 me:
1060 2095 1233 2152 testimonia
1258 2100 1320 2165 tue,

127 2177 263 2268 Domine,
278 2175 431 2268 intellexi:
452 2175 546 2232 omnis
560 2175 818 2232 consummationis
831 2176 895 2232 vidi
908 2176 1014 2233 finem:
1035 2176 1130 2234 latum
1147 2175 1322 2233 mandatnm

128 2268 329 2430 ωῃῗεὲἷιῗιῗιῗ.
373 2336 460 2394 Beati
472 2336 654 2393 immaculati
666 2336 699 2393 in
712 2336 778 2394 via:
800 2336 852 2412 qui
864 2336 1018 2394 ambulant
1031 2337 1063 2393 in
1076 2337 1140 2413 lege
1155 2336 1287 2395 Domini.

185 2418 415 2556 iiiiiiniuum
430 2498 665 2574 deprecabuntur
683 2517 783 2554 omnes
796 2498 904 2555 divites
923 2499 1034 2574 plebis:
1054 2498 1241 2556 adducentur
1260 2494 1321 2573 mgi

126 2579 255 2657 virgines
264 2585 330 2655 post
340 2599 420 2636 eam:
435 2579 577 2655 proximae
586 2580 649 2654 ejus
659 2579 843 2636 adducentur
850 2579 908 2635 tibi
917 2579 1063 2637 inlaetitia
1073 2586 1105 2637 et
1114 2578 1318 2637 exsultatione.

187 2661 344 2798 {iiiiii
357 2760 406 2797 cor
419 2759 519 2797 meum
532 2742 654 2797 verbum
668 2741 796 2797 bonum:
816 2741 881 2798 dico
896 2760 948 2818 ego
961 2760 1048 2818 opera
1061 2759 1126 2798 mea
1138 2739 1211 2818 regi.

188 2820 330 2959 giiiiiiti
347 2900 497 2976 justitiam
515 2907 546 2957 et
559 2901 648 2958 odisti
664 2901 870 2977 iniquitatem:
891 2908 1044 2980 propterea
1065 2902 1155 2960 unxit
1176 2908 1208 2961 te
1230 2900 1319 2975 Dens,

129 2983 211 3044 Deus
225 2989 304 3054 tuus,
320 2982 383 3038 oleo
396 2982 508 3038 laetitiae
522 3001 581 3057 prae
595 2984 777 3039 consortibus
792 2985 861 3040 tuis.

188 3062 210 3119 I
209 3083 230 3119 n
244 3073 365 3137 tempore
378 3061 523 3135 Pascboli,
539 3062 688 3138 Alleluya‚
703 3063 837 3139 alleluya,
852 3063 987 3140 alleluya

188 3144 346 3281 {iiiiii}
359 3244 408 3281 cor
421 3243 519 3282 meum
533 3224 656 3281 verbum
670 3225 798 3282 bonum:
819 3225 883 3282 dico
898 3244 952 3302 ego
965 3245 1052 3301 opera
1065 3244 1130 3283 mea
1143 3224 1214 3302 regi

189 3305 330 3461 giigiiblii,
359 3386 494 3457 Domine,
523 3385 593 3461 quia
620 3387 742 3462 aequitas
769 3386 882 3462 judicia
908 3392 969 3458 tua,
999 3392 1029 3444 et
1056 3387 1088 3443 in
1115 3386 1244 3445 veritate
1270 3390 1321 3443 tue

129 3467 293 3603 humillliasti
306 3487 370 3524 me:
391 3468 503 3544 confige
516 3468 622 3524 timore
634 3473 688 3523 tuo
701 3487 802 3525 carnes
815 3488 901 3540 meas,
917 3488 935 3525 a
951 3468 1099 3525 mandatis
1116 3468 1177 3525 tuis
1197 3486 1261 3525 non
1276 3484 1321 3525 me

130 3567 334 3766 exp{'siaimua
378 3628 466 3687 Beati
478 3629 661 3686 immaculati
673 3629 706 3685 in
719 3629 769 3686 via
780 3650 786 3687 :
807 3629 859 3705 qui
872 3630 1026 3686 ambulant
1039 3629 1071 3685 in
1085 3629 1148 3705 lege
1162 3627 1294 3687 Domini.

189 3719 347 3866 Dieiiisioipui
360 3809 412 3847 nos
425 3791 518 3847 beatae
533 3790 572 3847 N.
588 3790 712 3866 virginis
725 3791 923 3868 martyrisque
940 3797 1000 3849 tuae
1013 3810 1113 3848 annua
1126 3787 1325 3848 sollemnitate

129 3871 259 3929 laetilicas
269 3890 278 3942 3
299 3871 422 3927 concede
442 3872 596 3947 propitius,
613 3878 647 3928 ut
667 3873 731 3948 ejus
744 3872 919 3948 adjuvemur
932 3873 1053 3946 meritis,
1076 3872 1161 3948 cujus
1180 3868 1327 3929 castitatis

129 3952 307 4010 irradiamur
320 3951 469 4026 exemplis.
512 3952 578 4008 Pcr.

189 4032 238 4089 Ad
253 4032 421 4090 Corinthios
436 4033 464 4109 (l
481 4032 530 4090 vii.
548 4032 661 4110 25-34).

190 4113 329 4171 Fratres:
352 4114 399 4170 De
412 4113 578 4188 virginibus
591 4120 770 4190 praeceptum
791 4114 914 4172 Domini
935 4134 1026 4191 usquc
1046 4114 1088 4172 ad
1108 4119 1145 4171 ut
1165 4113 1207 4172 sit
1226 4118 1328 4173 sancio

129 4212 246 4269 corpore
261 4201 291 4251 et
305 4195 420 4270 spiritu,
438 4194 477 4250 In
492 4194 610 4252 Christo
623 4195 645 4252 J
646 4215 697 4252 esu
712 4195 841 4252 Domino
855 4203 963 4254 nostro,

188 4274 283 4331 Lectio
298 4276 366 4332 libri
379 4274 536 4348 Sapientiae
550 4275 679 4352 (Ecclus.
696 4276 725 4333 li.
745 4277 818 4353 1-8).

190 4354 359 4413 Oontitebor
383 4357 447 4427 tibi,
475 4356 603 4414 Domine
623 4376 696 4428 rex;
724 4362 754 4414 et
779 4358 950 4415 collaudabo
974 4362 1005 4415 te
1027 4357 1126 4415 Deum
1151 4356 1328 4415 salvatorem

128 4448 228 4492 meum
240 4456 330 4510 usquc
344 4438 385 4494 ad
399 4445 429 4495 et
442 4437 550 4495 liberas
563 4457 612 4496 eos
626 4439 662 4495 dc
676 4457 769 4496 manu
782 4440 935 4516 angustiae,
951 4439 1079 4497 Domine
1094 4437 1178 4497 Deus
1190 4444 1298 4497 noster.
