2910 4904
576 300 672 365 Festo
693 299 876 366 Jaaacrta'.

329 539 441 595 Saron
463 537 643 610 Vmeruru,
666 554 825 596 narrans.
873 536 926 615 (xi.
943 537 1013 596 Kal.
1030 538 1115 611 Feb.)

188 682 329 757 Officium.
370 684 537 741 Laetabitur
546 685 654 761 justus.

189 777 297 835 Oratio.

187 859 309 930 Adesto,
335 878 512 934 quaesumus,
537 859 674 930 Domine,
698 858 961 935 supplicationibus
987 860 1107 930 nostris,
1136 866 1171 918 ut
1206 859 1260 938 qui
1286 879 1325 918 ex

126 937 284 1015 iniquitate
296 948 398 996 nostra
411 959 475 997 reos
488 959 543 997 nos
557 959 618 998 esse
631 941 840 1015 cognoscimus,
855 941 935 998 beati
953 940 1110 998 Vincentii
1122 941 1264 1020 martyris
1278 940 1326 1000 tui

125 1019 332 1077 intercessione
346 1021 511 1078 liberemur,
555 1021 614 1077 Per
627 1021 797 1078 Dominum

187 1113 331 1170 Memoria
345 1115 380 1170 dc
389 1114 529 1183 Domina,
544 1122 568 1170 ct
583 1113 617 1170 de
631 1123 731 1171 sancta
743 1113 860 1188 Aqacte.

186 1207 303 1282 Epistol
320 1251 327 1264 .
371 1206 482 1264 Beatus
495 1207 543 1263 vir
556 1208 608 1283 qui
621 1208 654 1263 in
667 1207 818 1284 sapientia

188 1299 304 1357 Gradal
317 1345 322 1356 .
366 1300 504 1358 Posuisti.

186 1381 336 1456 AHeluya.
386 1381 414 1438 V.
438 1381 549 1438 Beatus
563 1382 617 1438 vir.

187 1474 350 1550 »S'equcata'ca

329 1554 448 1612 Christo
462 1575 600 1612 canamus
614 1555 673 1612 die'i
687 1555 775 1630 hujus
788 1556 942 1630 pangendo
955 1556 1070 1632 gaudia,

329 1636 473 1712 Martyris
487 1636 558 1693 almi
571 1636 692 1693 colendo
705 1636 860 1692 Vincentii
874 1638 1025 1712 praeconia.

329 1718 421 1775 Ortus
435 1719 472 1774 ab
486 1716 635 1793 Hispania
647 1717 813 1773 nobilitatis
827 1718 989 1792 conspicuae
1003 1717 1090 1789 linea,

328 1799 443 1856 Olaruit
456 1799 587 1870 scientia,
602 1797 709 1854 claruit
722 1805 752 1854 et
765 1798 885 1855 facundi
898 1799 958 1855 oris
970 1799 1073 1874 gratia

329 1880 425 1949 Quam
438 1879 580 1936 immania
593 1878 665 1935 tulit
679 1880 749 1935 vitae
763 1879 933 1937 discrimina

329 1961 423 2017 Sacrae
437 1960 506 2016 fidei
520 1960 666 2016 edocendo
680 1961 820 2035 mysteria
833 1962 840 2016 1

328 2041 490 2098 Rimantur
503 2041 621 2116 ungulae
635 2047 781 2097 costarum
795 2045 858 2120 ejus
871 2040 978 2098 intima
989 2061 998 2113 3

328 2122 509 2197 Discerpunt
521 2122 641 2192 viscera,
657 2123 856 2180 membrorum
870 2121 990 2178 1011111111
1003 2121 1129 2179 vincula.

329 2201 424 2260 Scissa
438 2203 522 2273 cutis,
537 2203 620 2259 fusus
633 2203 761 2276 sanguis,
776 2224 808 2261 os
822 2205 934 2274 elisum,
949 2223 1016 2260 caro
1030 2204 1125 2260 omnis
1138 2202 1242 2276 lacera,

328 2283 395 2340 Stat
408 2284 478 2340 fidei
491 2284 684 2358 perhortator‚
700 2285 877 2342 convalescit
889 2284 994 2340 fortior
1006 2284 1044 2340 ad
1058 2283 1182 2360 singula.

329 2363 525 2422 confutatur*
539 2365 665 2420 Daciani
675 2365 785 2440 judicis
800 2365 922 2441 perfidia
937 2387 944 2423 ε

329 2446 536 2503 Debacchatur
549 2446 686 2502 efferatus
696 2447 820 2503 immani
833 2447 948 2504 saevitia
962 2467 967 2502 :

327 2527 460 2603 Raptum
471 2528 557 2602 jubet
570 2533 732 2602 martyrem
746 2548 816 2585 mox
829 2528 970 2604 applicari
983 2527 1021 2583 ad
1034 2526 1170 2584 incendia
1183 2549 1189 2584 :

328 2608 499 2684 Orepitante
513 2609 573 2665 sale
586 2616 818 2684 consperguntur
831 2609 934 2684 prunis
947 2614 1015 2665 usta
1028 2609 1147 2665 1110010

329 2689 386 2747 1110
399 2690 449 2765 pia
461 2689 499 2746 ad
512 2690 611 2746 Deum
624 2689 726 2746 levans
739 2690 861 2761 lumina,

328 2769 446 2826 Perstat
459 2771 492 2825 in
505 2771 670 2841 tormentis
685 2770 770 2827 firma
783 2770 949 2828 constantia
961 2789 969 2841 ;

328 2850 511 2925 Reportatur
525 2850 620 2906 denuo
629 2858 745 2926 martyr
757 2853 794 2908 ad
808 2852 951 2909 lectorum
966 2849 1066 2907 mollia
1081 2871 1088 2908 :

328 2930 386 2987 Sed
397 2950 470 2986 111011
483 2932 612 2988 10101010
627 2932 711 2988 caelos
724 2933 804 2989 illius
818 2934 894 3008 petit
908 2931 1014 2988 amina

329 3011 407 3068 Laus
421 3011 477 3067 tibi
491 3012 531 3068 sit
544 3013 626 3069 Deus
640 3020 805 3089 martyrum
818 3021 938 3070 tuorum
952 3011 1085 3082 victoria,

328 3092 420 3168 Cujus
434 3112 487 3167 ops
500 3100 586 3149 tanta
599 3094 751 3151 evicerunt
765 3101 795 3151 et
808 3101 854 3152 tot
868 3093 1037 3151 luctamina.

328 3173 404 3243 Ave,
421 3179 535 3246 martyr
548 3175 681 3249 gloriose,
697 3177 782 3232 nobis
796 3176 861 3232 caeli
874 3174 982 3251 gaudia

329 3254 526 3330 Supplicando
541 3256 672 3330 1111110110.

194 3363 242 3420 Vel
256 3363 386 3435 Tractus,
403 3363 599 3433 Desiderium,
615 3365 641 3420 ai
654 3363 738 3440 infra
751 3366 999 3441 Septuaqeac'mam
1013 3363 1143 3422 00000111.

188 3456 387 3530 11001ρεί1001.
431 3456 500 3514 Nisi
513 3477 637 3533 granum
651 3457 801 3516 frumenti.
819 3518 824 3526 ,

190 3549 382 3623 0110110110οζ
424 3550 527 3608 Gloria
540 3557 570 3607 et
585 3551 702 3610 honore.

188 3643 308 3701 Secreta.

189 3724 366 3782 Muneribus
393 3726 511 3798 nostris,
534 3745 709 3802 quaesumus,
735 3726 873 3797 Domine,
898 3725 1090 3802 precibusque
1119 3725 1270 3800 susceptis,
1296 3730 1328 3782 01

127 3804 291 3863 caelestibus
304 3825 357 3863 nos
370 3808 480 3863 munda
494 3807 651 3882 mysteriis,
666 3814 696 3863 et
710 3807 1005 3885 intercedentebeato
1018 3805 1182 3863 Vincentio
1195 3812 1328 3882 martyro

126 3893 180 3944 tuo
194 3888 354 3945 clementer
367 3888 482 3944 exaudi.
525 3888 583 3944 Per
596 3888 759 3945 Dominum
773 3894 916 3947 nostrum.

189 3979 369 4040 0001010010.
414 3981 474 4050 Qui
487 3981 553 4037 vult
569 3982 668 4037 venire
684 3988 749 4057 post
770 4000 825 4038 me.

189 4074 430 4132 Poatcommanio.

189 4155 372 4226 Quaesumus
388 4155 573 4230 omnipotens
594 4155 684 4227 Deus,
699 4155 801 4231 utqui
824 4154 951 4212 caelestia
974 4154 1116 4211 alimenta
1133 4153 1328 4231 percepimus,

127 4236 327 4293 intercedente
340 4237 428 4292 beato
441 4235 602 4292 Vincentio
617 4243 746 4312 martyre
759 4242 821 4306 tuo,
833 4255 886 4311 per
898 4235 960 4292 haec
974 4240 1077 4292 contra
1090 4235 1191 4292 omnia
1203 4234 1329 4293 adversa

127 4318 304 4375 muniamur.
348 4316 406 4374 Per
420 4316 590 4373 Dominum.

577 4447 589 4470 ¹¹
606 4445 866 4492 Edd—Oonfnnditur.
