2910 4904
227 299 290 363 124
658 294 755 361 Festo
776 289 978 358 Nouembris.

285 461 463 522 Communia.
505 461 616 520 Beatus
629 480 738 518 servus.

284 543 525 601 Pootoommuuio.

284 624 426 681 Purificet
439 642 553 699 semper
565 629 596 680 et
608 621 725 679 muniat
738 620 785 678 tui
797 640 859 687 nos,
875 618 1011 689 Domine,
1026 617 1172 694 susceptio
1181 618 1375 690 sacramenti,
1387 624 1416 676 et

224 705 430 762 intercessione
453 704 629 761 sanctissimi
652 701 823 760 confessoris
851 701 896 758 tui
923 699 1076 771 Leonardi,
1100 698 1251 776 perpetuis
1278 718 1332 776 per
1355 718 1417 757 cam

224 804 388 843 mereamur
400 784 515 861 gaudiis
528 783 687 842 admisceri.
731 783 797 840 Per.

261 990 373 1047 Snucrr
394 989 629 1060 Wmumuounr,
651 1001 785 1044 nrrsoorr
805 1002 843 1043 nr
862 999 1067 1043 oournssoms.
1111 982 1175 1062 (vii.
1191 982 1271 1043 Non.
1288 982 1384 1060 Nor.)

285 1118 425 1193 Officium.
468 1117 589 1174 Statuit.

286 1200 395 1257 Oratio.
437 1199 493 1269 Da,
510 1216 683 1273 quaesumus.

282 1280 423 1356 Epistol.
466 1279 541 1336 Ecce
554 1277 694 1335 sacerdos.

218 1387 220 1391 ’
283 1360 417 1420 Grodalc.
460 1358 583 1417 Juravit
597 1357 750 1416 Dominus.

282 1441 431 1517 Alleluya.
480 1440 508 1499 V.
531 1439 638 1497 Juatus
651 1438 836 1515 germinabit.

281 1521 481 1597 Eoorrpclium.
524 1520 625 1577 Homo
639 1519 758 1594 quidam
771 1537 899 1596 peregre.

284 1603 475 1676 Offortorium.
518 1601 627 1658 Inveni
640 1599 746 1657 David.

282 1683 462 1742 Commooio.
506 1681 641 1754 Domine,
657 1681 795 1756 quinque.

250 1887 435 1945 Snucrouuu
456 1885 625 1953 Quurruou
646 1883 878 1943 Oouourrouun
898 1882 1089 1942 Muurruuu.
1133 1881 1184 1960 (vi.
1200 1882 1281 1943 Non.
1296 1885 1395 1964 Nor.)

282 2017 422 2092 Officium.
466 2016 567 2074 Intret
580 2016 612 2073 in
626 2022 790 2092 conspectu.

283 2098 392 2156 Oratio.

279 2178 400 2249 Praesta,
415 2197 590 2254 quaesumuS,
606 2177 790 2254 omnipotens
803 2177 894 2249 Deus,
909 2177 1010 2252 utqui
1024 2175 1164 2253 gloriosos
1184 2182 1333 2253 martyres
1352 2184 1419 2237 tuos

221 2260 386 2331 Claudium,
415 2260 626 2331 Nicostratum,
656 2258 911 2335 symphorianum,
937 2257 1089 2315 Castorem
1115 2262 1204 2334 atque
1231 2257 1418 2335 Simplicium

218 2341 309 2399 fortes
322 2341 354 2397 in
367 2360 420 2398 sua
434 2341 612 2397 consessione
625 2340 823 2415 cognovimus,
835 2339 899 2415 pios
911 2338 990 2414 apud
1003 2344 1034 2396 te
1048 2338 1080 2395 in
1093 2343 1195 2396 nostra
1207 2337 1418 2399 intercessione

220 2423 388 2479 sentiamus.
432 2422 497 2479 Per.

278 2503 419 2578 Epistola.
461 2500 712 2559 Rememoramini
724 2499 864 2576 pristinos
877 2499 947 2557 dies.

280 2584 413 2642 Grcrlolo.
457 2582 595 2653 Vindica,
610 2581 746 2639 Domine.

278 2665 427 2740 Alleluya.
476 2664 505 2722 V.
528 2662 676 2719 Mirabilis
691 2662 847 2719 Dominus.

277 2745 478 2820 Eoooqolium.
522 2742 709 2800 Descendens
722 2743 744 2800 J
745 2762 810 2800 esus
824 2743 860 2800 de
874 2747 983 2800 monte.

279 2825 470 2898 offertorium.
512 2824 627 2880 Anima
639 2828 746 2881 nostis.

277 2906 397 2964 Secreto.

277 2985 449 3044 Benedictio
476 2990 537 3055 tua,
563 2985 700 3056 Domine,
724 2985 805 3060 larga
826 2983 988 3056 descendat,
1012 3002 1078 3059 quse
1104 2989 1135 3041 et
1162 3002 1288 3042 munera
1313 2990 1411 3043 nostra
1445 2978 1449 2985 ¹

216 3067 441 3142 deprecantibus
464 3065 573 3122 sanctis
596 3067 656 3122 tuis
679 3066 736 3122 tibi
758 3065 863 3122 reddat
885 3071 1011 3140 accepta,
1032 3070 1063 3122 et
1089 3064 1174 3122 nobis
1197 3072 1411 3124 sacramentum

216 3147 425 3223 redemptionis
439 3147 554 3204 efficiat.
595 3146 654 3203 Per
667 3147 838 3204 Dominum.

278 3226 456 3286 Ooutmuuio.
500 3227 675 3284 Posuerunt.

276 3308 517 3366 Postcommuoio.

277 3389 450 3447 Oaelestibus
476 3389 578 3446 refecti
606 3387 795 3445 sacramentis
822 3394 852 3445 et
882 3386 1005 3464 gaudiis,
1034 3386 1181 3463 supplices
1206 3392 1249 3461 ta,
1274 3386 1405 3459 Domine,

215 3470 411 3546 deprecamur,
425 3476 460 3528 ut
474 3489 599 3545 quorum
616 3469 777 3546 gloriamur
797 3468 956 3544 triumphis
976 3473 1164 3545 protegamur
1183 3468 1314 3527 auxiliis
1355 3468 1406 3527 Per

216 3551 386 3609 Dominum

422 3704 534 3761 Surum
555 3703 729 3773 Turonum,
752 3718 915 3761 unurrrus
959 3702 997 3777 (v.
1013 3702 1093 3760 Non.
1109 3701 1202 3780 Nor.)

276 3831 416 3905 Officium,
460 3831 499 3887 In
513 3831 634 3887 virtute.

275 3912 385 3970 Oratio.

272 3994 362 4065 Deus,
391 3992 444 4067 qui
469 4011 523 4049 nos
549 3992 629 4048 beati
655 3991 802 4049 Theodori
828 3993 967 4068 martyris
993 3991 1049 4065 tui,
1077 3991 1258 4051 confessione
1284 3992 1402 4071 gloriosa

212 4074 374 4132 circumdas
388 4081 418 4130 et
432 4073 567 4150 protegis,
583 4078 690 4148 praesta
702 4073 787 4131 nobis
801 4074 863 4149 ejus
883 4073 1051 4132 imitatione
1069 4073 1209 4152 proficere
1229 4080 1261 4133 et
1280 4074 1403 4133 oratioue

212 4155 319 4214 fulciri.
363 4154 429 4211 Per,

272 4234 413 4312 Epistola,
456 4233 567 4291 Beatus
580 4234 635 4304 vir,
651 4233 703 4309 qui
717 4234 749 4290 in
763 4234 914 4311 sapientia

274 4315 408 4375 Grodale.
451 4315 473 4373 J
475 4321 558 4371 ustus
572 4320 607 4371 ut
620 4314 725 4391 palma.

272 4397 420 4473 Alleluya.
469 4395 498 4454 V.
522 4395 686 4454 Laetabitur
695 4397 801 4472 justus.
