2910 4904
548 271 644 336 Festa
658 269 775 336 Juuit.

424 437 490 507 Quo
504 439 683 495 mundanam
697 437 786 514 liquit
799 441 916 512 molam,

423 519 512 576 Verae
526 519 597 575 vitae
611 539 729 576 sumens
742 520 856 594 stolam,

464 599 578 656 Praesul
591 600 657 656 fons
674 600 808 676 justitiae.

424 697 588 755 Exsultat*
603 698 675 754 Sion
688 704 817 768 senatus,

425 779 511 847 Quod
524 778 695 836 Willelmus
708 780 857 838 laureatus

465 859 538 916 Oaeli
550 861 666 917 scandit
679 861 793 919 solium.

424 941 510 1010 Quod
524 947 674 998 certamen
688 944 914 1014 consummavit,

332 1052 335 1059 ·
423 1022 463 1078 Et
477 1027 545 1097 post
558 1041 677 1079 cursum
691 1025 857 1098 praemiavit

463 1103 639 1160 Sanctitatis
652 1105 796 1164 bravium.

423 1199 503 1256 Nam
517 1219 601 1256 mens
615 1199 680 1258 Deo
694 1202 764 1258 viva

423 1281 480 1338 Sed
495 1282 576 1337 carni
591 1282 716 1338 conviva

463 1362 541 1418 Bina
554 1362 633 1418 vixit
648 1363 712 1420 vita
722 1384 731 1436 3

423 1443 505 1499 Dum
519 1444 749 1519 contemplativa

424 1524 542 1580 Vernat
555 1530 586 1580 et
599 1525 697 1581 activa

462 1604 522 1661 Vir
536 1605 681 1662 Israelita.

423 1701 576 1758 Martham
591 1703 683 1759 caulis
696 1704 792 1780 gregis

423 1783 535 1840 Verbis
548 1784 657 1839 summi
670 1785 748 1860 regis

464 1864 501 1920 Se
515 1864 586 1921 fecit
600 1864 736 1924 Mariam.

424 1944 543 2000 Firmus
557 1945 589 2001 in
602 1953 729 2021 utraque
822 1960 825 1965 ·

423 2025 560 2082 Firmans
574 2027 801 2103 circumquaque

464 2106 543 2163 Oaelo
558 2107 615 2163 sibi
629 2108 716 2165 viam.

424 2203 555 2260 Strinxit
568 2203 694 2260 fluentia

424 2284 530 2341 Carnis
544 2284 667 2340 consilia

465 2364 627 2422 Virtutum
641 2366 776 2423 nexibus,

424 2444 489 2502 Nee
502 2447 629 2503 avaritia

424 2527 538 2585 Clausit
553 2527 690 2583 convivia

464 2607 556 2664 Laxis
570 2608 602 2663 in
616 2608 737 2665 civibus.

424 2704 504 2761 Nam
519 2724 585 2761 caro
598 2706 706 2762 nobilis

424 2785 476 2842 Fit
489 2786 547 2842 cito
561 2786 672 2842 nubilis

464 2867 515 2923 Ad
529 2886 646 2922 morum
660 2867 802 2943 copulam.

423 2947 579 3004 Desudans
593 2949 728 3008 demere†

422 3028 555 3085 Vivente
568 3035 668 3087 tenere

464 3109 658 3166 Contraclum
671 3110 824 3168 maculam.

424 3205 507 3262 Caeco
521 3207 557 3262 fit
570 3207 680 3278 oculus,

423 3286 475 3344 Fit
488 3287 591 3344 claudo
605 3288 737 3360 baculus,

464 3368 505 3424 Et
519 3368 610 3424 mutis
623 3369 747 3444 loquela.

423 3447 523 3505 Morte
536 3468 596 3505 non
611 3451 757 3520 obstante,

423 3529 496 3586 Post
510 3536 636 3586 mortem
650 3538 685 3587 ut
699 3538 769 3588 ante

463 3611 514 3667 Fit
528 3611 600 3686 regri
613 3612 733 3671 medela.

424 3709 515 3766 Hune
530 3710 611 3766 Deus
625 3712 697 3767 adeo

423 3790 586 3847 Viventem
600 3791 664 3848 oleo

463 3871 600 3947 Largiter
613 3871 752 3948 perfudit,

424 3953 510 4022 Quod
519 3955 583 4029 jam
598 3954 631 4009 in
645 3960 762 4010 mortuo

423 4035 520 4092 Cursu
534 4035 664 4091 mirifluo

464 4115 530 4172 Olei
543 4115 609 4172 fons
623 4116 707 4174 ludit.

286 4329 298 4352 ¹*
315 4329 354 4374 lta
365 4327 436 4372 MSS.
449 4326 526 4372 Gaud
537 4327 567 4371 Ι),
599 4325 810 4370 Edu—Exsultat.

289 4400 303 4458 t
318 4399 536 4445 Edd.-Desudans
550 4400 644 4442 temere.
676 4396 729 4442 MS.
741 4396 920 4443 D-Resudane
934 4399 1027 4443 temere.

116 4495 191 4537 VOL.
207 4494 242 4534 11.
652 4492 672 4534 E
