2910 4904
594 328 691 394 Festa
711 327 870 413 Aupucti.
1290 332 1332 394 89

126 495 224 554 beatis
245 496 427 574 martyribus
448 496 510 554 tuis
527 494 683 554 Timotheo
704 501 737 553 ct
755 494 979 572 symphoriano,
999 494 1153 554 dexteram
1173 513 1334 572 supernos

128 582 189 636 tuae
202 577 424 655 propitiationis
438 575 571 634 extende.
615 576 675 635 Per
688 576 861 636 Dominum.

190 679 381 798 hpdmibus
393 739 534 814 requiem,
549 747 576 796 et
593 747 682 796 celcra
690 760 703 808 ;
726 738 801 797 sicut
819 739 854 796 ia
871 738 919 797 dic
932 736 1152 816 Assumpta‘oais
1167 757 1245 798 more
1258 736 1334 797 Sint·

125 819 214 896 plicis
227 820 308 879 Festi
320 840 420 879 aorem
433 819 610 877 Lectionum.

189 901 232 958 Et
245 901 340 960 Credo
354 902 472 959 dacter
480 922 492 971 ,·
512 897 627 958 Secreto
640 909 666 957 ct
681 899 924 973 Postcomaauaic,
939 900 1015 960 sicat
1027 902 1062 960 in
1075 901 1130 960 dia

190 981 306 1041 Secreta
326 983 361 1040 de
381 981 573 1056 Martprabua

190 1065 324 1140 Accepta
337 1063 395 1120 tibi
407 1063 455 1135 sit,
471 1063 609 1134 Domine,
627 1066 735 1119 sanctae
753 1062 848 1137 plebis
869 1062 980 1120 oblatio
1001 1082 1055 1140 pro
1077 1069 1199 1121 tuorum
1220 1062 1332 1120 honore

129 1150 299 1201 sanctorum
311 1165 320 1217 5
354 1163 480 1220 quorum
507 1162 537 1201 se
564 1142 680 1200 meritis
703 1143 865 1220 percepisse
892 1142 928 1202 dc
954 1143 1149 1203 tribulatione
1183 1141 1333 1220 cognoscit

129 1225 285 1284 auxilium.
328 1224 387 1282 Per
407 1224 579 1282 Dominum.

189 1306 433 1365 Postcomaaanio.

187 1386 296 1444 Divini
310 1387 441 1444 muneris
460 1385 599 1463 largitate
615 1385 725 1458 satiati,
741 1404 918 1461 quaesumus,
933 1385 1062 1445 Domine
1077 1386 1159 1444 Deus
1172 1390 1281 1457 noster,
1296 1390 1333 1443 ut

125 1468 380 1526 intercedentibus
411 1467 506 1524 beatis
528 1467 709 1543 martyribus
731 1467 792 1523 tuis
814 1467 968 1524 Timotheo
993 1473 1023 1525 et
1051 1467 1275 1544 SymphorianO,
1299 1466 1332 1522 in

126 1549 190 1625 ejus
204 1569 319 1625 semper
335 1548 562 1626 participatione
575 1548 718 1605 vivamus.
762 1547 821 1605 Per
836 1548 1022 1606 Dominum·

198 1776 310 1833 Eonru
331 1791 384 1832 nm
405 1791 586 1833 sarcroauu
606 1790 779 1833 uasrraun
799 1774 954 1833 Tmornm
976 1791 1014 1832 ar
1035 1775 1261 1835 Srnrfloamui.

599 1873 651 1950 (xi.
674 1865 745 1932 Kal.
769 1872 863 1951 Sept.)

195 1979 334 2054 Officium.
379 1980 464 2037 Salus
477 1987 584 2038 autem.

187 2058 331 2136 Epistola.
374 2060 566 2136 Respondcns
579 2079 657 2118 unus
671 2060 708 2118 dc
721 2060 895 2119 senioribus.

190 2141 326 2199 Grcdclc.
369 2142 526 2199 Justorum
547 2143 661 2198 animae.
747 2198 749 2201 .

188 2223 338 2299 Alleluya
390 2222 419 2281 V.
442 2222 543 2279 Sancti
556 2223 611 2292 tui,
627 2222 764 2300 Domine,
780 2222 961 2280 benedicent.

189 2303 391 2378 Evrmpeliam.
434 2304 497 2379 Ego
518 2323 583 2360 sum
603 2303 682 2363 vitis.

196 2384 387 2457 offertorium.
431 2384 586 2441 Mirabilis

191 2463 372 2523 Communia.
416 2465 479 2541 Ego
500 2485 566 2522 sum
586 2464 665 2522 vitis.

299 2675 339 2732 Iri
359 2675 490 2732 Vrornia
510 2690 615 2732 sarem
637 2675 879 2731 Baarnoncumr.
924 2672 964 2750 (x.
983 2672 1051 2730 Kal.
1070 2673 1165 2749 Sept.)

197 2823 333 2896 Officium.
377 2822 441 2896 Ego
454 2827 554 2879 autem
568 2821 645 2878 sicut
659 2820 745 2877 oliva.

197 2903 303 2960 Oratio.
346 2902 478 2959 Concede
492 2902 585 2973 nobis,
601 2921 777 2977 quaesumus,
793 2902 979 2978 omnipotens
993 2900 1084 2973 Deus,
1099 2906 1261 2958 venturam.

191 2982 332 3058 Epistola.
376 2984 500 3039 Justum
524 2983 655 3039 deduxit.

193 3063 327 3121 Gradale.
371 3064 479 3120 Justus
498 3070 533 3119 ut
555 3063 659 3138 palma.

192 3144 226 3201 Si
246 3145 284 3202 sit
305 3145 472 3213 Domiaicc,
494 3142 642 3219 Alleluya.
692 3144 720 3201 V.
743 3144 852 3201 Jris'sus
865 3163 927 3202 non
941 3143 1175 3202 conturbabitur.

192 3225 393 3300 Evcapeliam.
437 3225 504 3281 Hoc
525 3230 569 3280 est
589 3230 776 3300 praeceptum.

198 3306 386 3379 offertorium.
431 3305 533 3362 Gloria
553 3312 583 3361 et
604 3305 721 3362 honore.

194 3385 372 3444 Communia
417 3387 528 3462 Magna
548 3392 600 3443 cst.

526 3595 564 3650 ΙΝ
585 3612 646 3652 Dm.
691 3594 743 3672 (irc.
759 3595 829 3653 Kal.
847 3595 941 3674 Sept.)

191 3726 239 3783 Ad
260 3726 393 3782 Missam.
444 3724 580 3800 Officium.
606 3725 704 3782 ‚Mihi
723 3732 831 3783 autem.

197 3808 303 3864 Oratio.

191 3887 387 3964 Omnipotens
401 3888 577 3963 sempiterne
588 3888 678 3958 Deus,
689 3887 741 3962 qui
754 3887 843 3962 hujus
857 3886 919 3944 diei
929 3887 1127 3943 venerandam
1142 3894 1331 3963 sanctamque

128 3969 265 4027 laetitiam
278 3969 361 4025 beati
375 3968 585 4026 Bartholomaei
602 3968 727 4044 apostoli
747 3969 794 4024 tui
813 3968 977 4025 festivitate
999 3968 1153 4039 tribuisti,
1185 3968 1222 4024 da
1243 3969 1330 4025 ecclc-

129 4051 180 4107 siae
193 4056 261 4121 tuae,
277 4070 454 4125 quaesumus
470 4056 499 4107 et
513 4070 611 4107 amare
628 4050 707 4124 quod
730 4049 863 4119 credidit,
886 4053 917 4105 et
938 4048 1095 4124 praedicare
1118 4049 1195 4124 quod
1219 4049 1327 4106 docuit.

133 4131 192 4188 Per
211 4131 383 4188 Dominum.

192 4213 337 4270 Memoria
350 4213 384 4269 de
398 4211 503 4269 Sancto
517 4212 664 4268 Audoerco.
713 4210 819 4268 Oratio.

191 4293 282 4364 Deus,
298 4293 352 4368 qui
365 4312 523 4368 pereimem
541 4292 664 4367 gloriam
685 4291 862 4348 sanctissimi
882 4290 1054 4347 confessoris
1074 4291 1121 4348 tui
1134 4295 1223 4365 atquc
1237 4293 1332 4367 ponti-

134 4374 192 4431 ficis
205 4374 347 4432 Audoeni
361 4375 466 4430 animae
485 4372 656 4443 contulisti,
677 4372 784 4445 tribue,
800 4391 980 4447 quaesumus
994 4373 1057 4446 ejus
1077 4392 1135 4429 nos
1145 4373 1223 4447 apud
1241 4378 1271 4429 te
1290 4373 1333 4430 ita

134 4456 299 4530 patrociniis
314 4456 476 4525 sublimari,
492 4461 527 4510 ut
541 4473 608 4511 cum
622 4473 656 4511 eo
670 4453 763 4510 vitam
777 4452 975 4529 possideamus
989 4455 1138 4510 aeternam.
1182 4453 1247 4514 Per.
