2910 4904
521 298 629 363 Misso
644 319 709 383 pro
731 297 826 362 Pace.

405 536 415 558 ι
528 517 627 574 M1ssn
648 533 706 575 ruo
727 517 820 576 Pacu.

136 599 278 675 Officium.

132 681 182 738 Da
194 700 304 758 pacem,
320 679 458 752 Domine,
472 677 688 735 sustinentibus
701 683 732 736 te
745 698 751 736 ε
775 684 811 736 ut
824 679 975 755 prophetae
990 679 1037 736 tui
1050 677 1151 736 fideles
1164 677 1278 735 inveni-

70 767 170 833 antur,
186 762 295 819 exaudi
307 780 407 837 preces
421 760 500 817 servi
513 760 559 816 tui
573 765 604 816 εὴ
617 759 711 835 plebis
725 766 784 817 tuae
799 759 901 818 Israel.

132 841 174 899 In
189 851 311 918 temporo
324 841 471 913 Paccboli,
487 838 637 915 Alleluya,
652 839 788 915 alleluya.

133 923 280 981 Facimus.

130 1004 264 1062 Laetatus
277 1023 343 1060 sum
356 1001 389 1059 in
402 1002 449 1059 his
463 1021 528 1078 quae
537 1001 618 1058 dicta
628 1008 698 1058 sunt
711 1001 805 1059 mihi:
825 1002 858 1059 in
868 1002 989 1060 domum
1002 1000 1127 1059 Domini
1139 1001 1276 1059 laetantes

71 1085 189 1142 ibimus.

130 1166 255 1318 Didiioa
271 1265 329 1322 quo
349 1250 451 1301 sancta
470 1243 622 1315 desideria,
636 1248 718 1301 recta
738 1243 860 1301 consilia
879 1249 910 1301 et
926 1244 1009 1319 justa
1031 1249 1102 1300 sunt
1124 1263 1220 1320 opera,
1236 1245 1275 1301 da

69 1327 164 1384 servis
184 1328 246 1384 tuis
268 1326 352 1382 illam
375 1344 465 1401 quam
486 1324 615 1381 mundus
636 1324 706 1381 dare
727 1344 788 1381 non
809 1331 907 1401 potest
930 1344 1049 1400 pacem3
1076 1330 1112 1381 ut
1134 1331 1164 1381 et
1186 1325 1274 1382 corda

68 1414 172 1465 nostra
184 1407 332 1464 mandatis
345 1407 406 1464 tuis
417 1405 525 1477 dedita,
541 1410 572 1462 et
589 1405 721 1462 hostium
740 1406 857 1463 sublata
876 1406 1042 1477 formidine,
1058 1411 1192 1482 tempora
1211 1406 1274 1463 sint

68 1495 124 1546 tua
137 1488 320 1564 protectione
333 1486 503 1563 tranquilla.
546 1485 605 1542 Per
619 1485 791 1543 Dominum.

132 1569 229 1626 Lectio
244 1567 311 1625 libri
326 1566 560 1625 Macchabaeorum
576 1564 606 1643 (2
621 1567 641 1623 i.
658 1567 705 1637 23,
722 1565 792 1644 2-5).

130 1651 170 1706 In
191 1650 294 1707 diebus
313 1648 383 1720 illis,
399 1648 556 1705 Orationes
574 1647 721 1705 faciebant
742 1647 913 1720 sacerdotes
929 1648 1001 1704 dum
1025 1648 1165 1705 offerrent
1187 1646 1273 1704 sacri-

66 1731 169 1788 ficium
182 1749 236 1806 pro
250 1730 358 1806 populo
373 1729 475 1799 Israel,
489 1729 511 1786 J
513 1728 623 1784 cnatha
636 1728 803 1800 inchoante,
819 1729 932 1785 caeteris
949 1734 1050 1785 autem
1070 1728 1272 1804 respondenti-

66 1812 132 1883 bus,
149 1818 179 1868 et
192 1809 358 1869 dicentibus
367 1831 375 1883 3
397 1809 570 1866 Benefaciat
583 1809 668 1866 vobis
683 1809 765 1866 Deus
781 1817 812 1866 et
832 1810 1001 1866 meminerit
1021 1810 1193 1866 testamenti
1214 1810 1269 1882 sui,

66 1892 149 1968 quod
172 1892 210 1949 ad
237 1891 390 1949 Abraham
419 1896 449 1947 et
476 1890 560 1947 Isaac
588 1896 619 1946 et
645 1890 740 1947 Jacob
767 1889 883 1948 locutus
907 1898 952 1947 est
976 1910 1128 1948 servorum
1150 1910 1270 1948 suorum

65 1973 207 2030 fidelium.
251 1973 293 2028 Et
314 1972 365 2028 det
388 1971 473 2028 vobis
499 1990 549 2027 cor
576 1971 719 2042 omnibus,
737 1977 771 2028 ut
793 1971 895 2028 colatis
917 1990 985 2028 eum
1013 1977 1043 2027 et
1067 1971 1183 2028 faciatis
1206 1972 1270 2047 ejus

65 2054 261 2111 voluntatem.
303 2052 469 2128 Adaperiat
483 2071 533 2108 cor
545 2057 679 2108 vestrum
692 2052 725 2107 in
739 2051 802 2127 lege
816 2071 868 2108 sua
882 2058 912 2108 et
926 2052 959 2108 in
978 2052 1133 2128 praeceptis
1154 2052 1223 2122 suis,
1239 2058 1270 2109 ct

64 2134 156 2191 faciat
169 2153 278 2211 pacem.
321 2133 472 2190 Exaudiat
485 2131 631 2188 orationes
644 2138 758 2189 vestras
776 2139 806 2189 et
825 2133 1030 2191 reconcilietur
1042 2133 1142 2205 vobis,
1150 2152 1204 2190 neo
1217 2152 1270 2190 vos

66 2215 183 2273 deserat
196 2216 229 2271 in
242 2221 374 2290 tempore
388 2215 465 2270 malo
480 2213 626 2269 Dominus
641 2212 722 2269 Deus
736 2219 842 2270 vester.

129 2295 264 2353 Gracco,

126 2376 260 2434 Laetatus
274 2395 340 2433 sum
353 2376 386 2432 in
398 2375 445 2431 his
459 2393 524 2451 quas
538 2374 702 2431 dictasunt
716 2374 808 2431 mihi:
828 2375 861 2430 in
875 2374 997 2431 domum
1011 2375 1135 2432 Domini
1148 2375 1266 2432 ibimus.

71 2457 100 2515 V.
127 2457 197 2514 Fiat
211 2477 272 2533 pax
285 2457 316 2512 in
331 2456 445 2513 virtute
458 2464 528 2512 tua:
550 2461 580 2512 et
594 2455 777 2512 abundantia
790 2456 823 2512 in
836 2456 969 2513 turribus
983 2456 1051 2513 tuis.

125 2538 276 2614 Alleluya.
335 2537 364 2595 V.
400 2537 530 2594 Ostende
557 2536 650 2608 nobis,
680 2535 817 2608 Domine,
845 2537 1075 2594 misericordiam
1102 2543 1204 2594 tuam:
1238 2542 1269 2594 et

65 2619 196 2677 salutare
209 2625 296 2675 tuum
311 2618 349 2675 da
361 2618 453 2675 nobis,

124 2699 327 2774 Eccoqclium.
372 2698 404 2756 si
418 2698 484 2774 quis
498 2697 596 2774 diligit
608 2717 664 2770 me,
680 2706 819 2774 utsupra
833 2699 867 2756 dc
880 2697 987 2756 Sancto
1000 2697 1125 2773 Spiritu.

128 2780 320 2854 Offertooium.

125 2861 217 2932 Deus,
232 2867 268 2918 tu
290 2866 463 2918 convertens
477 2858 639 2916 vivificabis
657 2879 730 2917 nos:
759 2865 789 2916 et
812 2859 896 2935 plebs
913 2865 966 2916 tua
987 2859 1139 2916 laetabitur
1160 2859 1193 2915 in
1215 2864 1266 2918 te:

62 2943 186 3000 ostende
199 2942 294 3013 nobis,
309 2942 445 3009 Domine,
461 2940 690 2997 misericordiam
707 2947 807 2998 tuam:
831 2947 861 2997 et
879 2941 1007 2998 salutare
1020 2947 1107 2997 tuum
1122 2941 1159 2998 da
1172 2940 1265 2997 nobis.

125 3021 168 3080 Ic
181 3031 304 3098 tempore
317 3021 464 3094 Pcscbcli,
479 3020 628 3096 Alleluya.

124 3103 247 3162 Secreto.

124 3184 216 3256 Deus,
232 3183 286 3259 qui
306 3183 456 3240 credentes
479 3182 512 3237 in
536 3189 566 3238 te
589 3182 711 3258 populos
733 3180 824 3240 nullis
848 3182 920 3240 sinis
944 3182 1062 3240 concuti
1082 3183 1246 3239 terroribus
1256 3203 1265 3255 ;

62 3266 186 3341 dignare
200 3284 300 3341 preces
313 3269 343 3320 et
357 3262 468 3319 hostias
482 3262 585 3319 dicatae
600 3263 657 3319 tibi
670 3262 764 3338 plebis
778 3263 941 3340 suscipere;
962 3270 998 3320 ut
1010 3284 1070 3341 pax
1084 3270 1137 3321 tua
1157 3265 1268 3339 pictate

62 3366 200 3403 concessa
221 3344 457 3402 Christianorum
477 3344 550 3400 fines
574 3345 611 3399 ab
635 3345 716 3400 omni
740 3345 824 3402 hoste
846 3344 936 3402 saciat
958 3364 1020 3402 esse
1042 3364 1165 3404 securos.
1208 3344 1267 3401 Per

62 3427 239 3484 Dominum.

124 3506 308 3566 Communia
352 3507 460 3576 Amen,
476 3504 550 3575 dioc,
565 3513 599 3560 at
615 3525 713 3580 supro.

121 3586 364 3646 Postoommunio.
467 3614 472 3653 ῃ

123 3668 215 3739 Deus,
231 3673 334 3725 auctor
346 3667 426 3743 pacis
440 3672 471 3726 et
484 3672 606 3736 amator,
623 3686 711 3742 quem
724 3685 809 3722 nosse
822 3666 930 3735 vivero,
947 3667 995 3723 cui
1013 3666 1123 3723 servire
1144 3686 1266 3743 regnare

59 3755 125 3821 est;
153 3755 275 3825 protege
298 3750 336 3805 ab
360 3749 495 3805 omnibus
522 3747 794 3823 impugnationibus
822 3748 967 3822 supplices
994 3754 1070 3817 tuos,
1099 3753 1134 3803 ut
1158 3748 1209 3823 qui
1233 3749 1266 3803 in
1305 3803 1307 3809 ,

58 3831 230 3888 defensione
258 3836 311 3887 tua
338 3829 519 3899 confidimus,
545 3828 656 3884 nullius
683 3827 857 3884 hostilitatis
885 3847 967 3885 arma
994 3829 1158 3885 timeamus.
1207 3827 1266 3884 Per

59 3911 235 3969 Dominum,

474 4026 575 4083 Missi
595 4041 735 4082 rnurosu
757 4023 859 4081 Bnnuu

123 4109 265 4184 Officium.

120 4189 324 4247 Reminiscere
350 4187 573 4245 miserationum
596 4193 725 4257 tuarum,
749 4186 893 4243 Domine:
915 4192 945 4242 et
967 4185 1173 4242 misericordiae
1195 4190 1262 4256 tuse,

54 4290 126 4348 quae
140 4290 158 4328 a
171 4272 278 4327 saeculo
292 4275 381 4327 sunt:
402 4288 439 4325 ne
452 4287 584 4344 unquam
598 4267 789 4324 dominentur
804 4268 890 4324 nobis
911 4265 1024 4324 inimici
1037 4266 1150 4323 nostri:
1170 4266 1264 4323 libera

53 4373 121 4425 nos,
137 4351 219 4409 Deus
233 4349 338 4421 Israel,
352 4369 390 4406 ex
403 4349 539 4406 omnibus
553 4347 698 4424 angustiis
712 4348 828 4405 nostris.

118 4431 160 4490 Io
174 4442 298 4509 temporo
311 4430 457 4502 Peocbolc',
473 4429 622 4505 Alleluya,
638 4428 773 4505 alleluya.
