2910 4904
574 300 670 365 Festo
683 300 801 365 Jeme.
1244 304 1285 365 41

146 466 408 542 Pomommanto!

145 548 298 625 Supplices
319 555 350 606 te
371 567 518 624 rogamus,
534 547 721 623 omnipotens
744 548 835 619 Deus,
850 554 888 604 ut
908 568 982 623 qnos
1003 549 1065 606 tuis
1082 548 1177 606 reficis
1195 568 1288 606 sacra·

79 630 200 701 mentis,
228 628 431 687 intercedente
455 631 543 686 beato
563 628 726 686 Nicomede
748 635 879 705 martyre
901 635 963 700 tuo,
985 630 1042 687 tibi
1064 631 1155 687 etiem
1168 629 1287 707 placitis

81 711 215 768 moribus
229 711 390 787 dignanter
403 710 552 768 deservire
566 709 714 767 concedas
759 710 825 768 Per.

142 950 330 1008 Snucronun
351 965 525 1007 uterinum
547 949 744 1007 Mnncnnmur
766 929 927 1007 nr'Pnrru.
973 949 1023 1026 (iv.
1040 949 1118 1006 Non.
1135 950 1157 1007 J
1159 948 1223 1028 un)
1281 970 1284 975 ·

144 1103 285 1178 Officium.
329 1103 549 1160 Clamaverunt.

145 1183 255 1241 Oratio.

143 1265 236 1336 Deus,
252 1264 304 1341 qui
317 1284 371 1321 nos
385 1284 484 1321 annua
497 1264 652 1321 beatorum
665 1263 834 1320 Marcellini
849 1269 879 1321 et
892 1262 977 1321 Petri
985 1269 1151 1340 martyrum
1164 1271 1285 1322 tuorum

79 1345 281 1404 sollemnitate
302 1345 441 1418 laetiiicas,
457 1351 571 1421 praeta,
590 1363 765 1420 quaesumus,
783 1351 818 1402 ut
839 1364 964 1420 quorum
985 1346 1147 1422 gaudemus
1160 1346 1283 1419 meritis,

80 1446 277 1504 provocemur
290 1427 442 1502 exemplis
485 1425 544 1483 Per
558 1425 730 1483 Dominum

141 1507 286 1583 spissos.
329 1506 521 1583 Respondens
534 1525 620 1564 unus.

145 1588 282 1647 Gradabe.
326 1588 543 1645 clamaverunt.

142 1669 294 1745 Alleluya
343 1670 372 1727 V.
395 1668 553 1726 Mirabilis.

142 1750 344 1824 Eoooqelirun.
388 1750 465 1807 Cum
478 1748 633 1806 audieritis
646 1749 756 1827 praelia
780 1764 781 1768 ’

143 1829 337 1905 Offirrtorium.
382 1830 547 1888 Laetamini.

141 1912 264 1970 Secreto.

139 1993 218 2050 Haec
231 1992 336 2065 hostia,
351 2011 527 2069 quaesumus,
551 1991 687 2056 Domine,
712 2009 800 2065 qnam
822 1989 856 2046 in
877 1997 1046 2048 sanctorum
1067 1997 1188 2049 tuorum
1201 1998 1284 2051 nata-

74 2073 151 2130 litiis
165 2079 350 2132 recensentes
363 2074 522 2144 offerimus‚
537 2078 568 2129 et
581 2072 701 2129 vincula
713 2077 823 2128 nostrae
842 2072 1000 2147 pravitatis
1013 2073 1156 2144 absolvat,
1172 2080 1203 2132 et
1222 2079 1282 2132 tuae

76 2155 165 2212 nobis
180 2155 385 2212 misericordiae
399 2154 477 2210 dona
490 2153 634 2210 conciliet.
678 2152 743 2209 Per.

140 2235 325 2294 Communia
361 2235 518 2293 Justorum
532 2233 646 2292 animae.

139 2316 406 2378 Postcommunio.†

142 2399 235 2456 Sacro
256 2418 379 2455 munere
402 2397 504 2454 satiati
526 2395 672 2472 supplices
696 2401 734 2468 te,
762 2396 898 2467 Domine,
921 2397 1120 2472 deprecamur,
1145 2402 1180 2454 ut
1204 2396 1283 2473 quod

75 2482 186 2540 debitae
210 2479 365 2537 servitutis
388 2479 569 2535 celebramus
593 2477 695 2545 officio,
710 2477 961 2535 intercedentibus
982 2478 1090 2535 sanctis
1104 2478 1173 2549 tuis,
1189 2478 1283 2537 salva-

76 2565 170 2622 tionis
184 2569 245 2619 tuae
254 2560 418 2618 sentiamus
432 2565 633 2636 augmentum.
676 2557 743 2615 Per.

255 2793 368 2851 Senon
390 2791 547 2861 Pittacon,
568 2804 773 2847 conunssoms.
818 2787 911 2865 (Prid.
927 2788 1007 2849 Non.
1022 2789 1044 2846 J
1045 2788 1109 2866 un.)

139 2939 284 3016 Officium.
328 2939 370 2996 Os
379 2937 464 3014 justi.

137 3022 251 3081 Oratio.
294 3019 420 3090 Adesto,
436 3018 571 3075 Domine.

133 3103 278 3179 Epistola.
323 3100 459 3158 Dilectus
473 3119 491 3156 a
505 3098 578 3157 Deo.

137 3183 276 3242 Gradale.
318 3181 456 3252 Domine,
471 3180 651 3257 proevenisti.

133 3264 288 3339 Alleluya.
338 3262 367 3319 V.
389 3263 497 3320 Justus
510 3260 698 3338 germinabit.

135 3344 342 3420 Euosqelium.
378 3343 447 3413 'Qui
461 3362 513 3399 vos
527 3342 619 3402 audit.

136 3425 334 3501 offertorium.
384 3424 513 3481 Veritas,

135 3506 322 3567 Communia
366 3505 477 3565 Beatus
491 3524 599 3562 servus.

296 3736 424 3794 brnoni
446 3735 617 3806 Boumncn,
639 3749 799 3791 uterinis
845 3732 937 3809 (Non.
953 3731 1042 3811 Jun.)

136 3887 278 3964 Officium.
322 3887 430 3944 Justus
443 3892 479 3943 ut
492 3884 597 3962 palma.

136 3970 247 4028 Oratio.
291 3968 413 4039 Praesta,
429 3985 604 4043 quaesumus.

133 4050 276 4126 Epistola.
321 4048 438 4107 Memor
452 4054 516 4105 esto
529 4047 551 4104 J
552 4066 634 4104 esum
649 4045 810 4116 Christum.

134 4196 148 4220 ⁸
164 4193 218 4239 MS.
229 4193 357 4246 D.-Quos
374 4191 488 4249 refecisti,
506 4190 616 4246 Domine,
631 4191 721 4236 caelesti
737 4191 854 4250 mysterio
867 4190 898 4235 ab
916 4189 1034 4244 omnibus,
1052 4199 1200 4246 quaesumus,
1217 4200 1276 4245 pro-

72 4256 179 4317 pitiatus
194 4253 291 4298 absolve
308 4252 410 4314 delictis,
420 4254 448 4296 ut
465 4251 627 4296 intercedente
646 4250 716 4296 beato
732 4250 861 4296 Nicomede
879 4253 983 4308 martyre
1001 4253 1050 4306 tuo,
1071 4247 1155 4292 divino
1175 4260 1274 4292 munere

72 4312 211 4374 purificatis
220 4311 339 4357 mentibus
346 4310 509 4369 perfruantur.
541 4310 587 4355 Per
597 4309 736 4355 Dominum

167 4386 221 4432 MS.
236 4386 419 4444 D.-Protegat,
438 4399 585 4444 quaesumus,
603 4385 713 4442 Domine,
733 4386 850 4446 populum
868 4390 937 4431 tuum
957 4389 981 4430 et
1000 4382 1153 4443 participatio
1172 4381 1277 4429 calestia

72 4448 116 4495 ind
145 4451 172 4492 to
182 4445 286 4511 conuiuii
295 4450 320 4492 et
329 4445 465 4506 deprecatio
475 4445 561 4491 collata
571 4447 714 4490 sanctorum
746 4445 793 4490 Per
804 4445 941 4490 Dominum.
