2910 4904
124 281 189 344 208
516 268 704 356 Sequentioe
728 267 934 335 Communes.

182 442 260 502 Item
273 442 335 501 eliu
348 437 514 517 Sequentia.

472 519 609 577 Verbum
619 518 730 574 bouum
744 522 775 574 et
788 535 879 573 suave

512 600 707 658 Personemus
721 597 796 654 illud
810 597 887 668 Ave,

512 680 571 738 Per
583 679 663 755 quod
677 678 790 736 Christi
806 679 840 735 fit
854 676 992 735 conclave

551 760 654 836 Virgo,
668 765 772 830 mater,
787 759 867 830 filia;

471 843 530 900 Per
543 841 623 918 quod
636 841 704 898 Ave
718 839 855 910 salutata,

511 923 587 980 Mox
601 921 735 997 concepit
748 920 906 978 fecundata

510 1003 614 1079 Virgo,
628 1002 726 1060 David
740 1001 833 1077 stirpe
847 1007 926 1072 nata,

551 1084 638 1141 Inter
651 1083 750 1159 spinas
764 1082 835 1139 lilia

470 1166 547 1235 Ave,
562 1164 627 1225 veri
641 1163 804 1221 Salomonis

510 1246 618 1317 Mater,
632 1244 728 1301 vellus
743 1243 899 1314 Gedeonis,

510 1326 603 1402 Cujus
615 1325 696 1401 magi
708 1325 804 1381 tribus
817 1323 902 1381 donis

550 1406 690 1465 Laudant
702 1405 899 1482 puerperium.

468 1489 547 1561 Ave,
561 1487 652 1546 solem
665 1486 804 1562 genuisti,

510 1571 579 1626 Ave
592 1568 703 1645 prolem
716 1565 886 1643 protulisti,

510 1649 626 1706 Mundo
640 1649 721 1724 lapso
736 1647 890 1705 contulisti

549 1730 656 1787 Vitam
667 1735 698 1786 et
711 1728 879 1805 imperium.

469 1812 546 1881 Ave,
562 1816 657 1867 mater
667 1808 763 1866 Verbi
777 1808 893 1879 summi,

510 1893 606 1950 Maris
619 1896 731 1967 portus,
746 1890 865 1966 signum
877 1888 969 1961 dumi,
1087 1916 1090 1920 ⁴

509 1974 690 2029 Aromatum
704 1971 789 2047 virga
799 1970 884 2041 fumi,

549 2052 736 2129 Angelorum
750 2051 889 2110 Domina.

396 2196 403 2209 ⁸
470 2134 686 2210 supplicamus,
701 2152 756 2191 nos
770 2132 903 2202 emenda,

509 2214 689 2272 Emendatos
704 2233 759 2270 nos
772 2211 945 2271 commenda

511 2295 575 2353 Tuo
589 2295 682 2367 Nato,
697 2295 735 2352 ad
749 2293 884 2351 habenda

549 2376 735 2453 Sempiterna
744 2375 859 2451 gaudia
902 2374 1012 2433 Amen.

182 2496 224 2556 Iu
247 2499 512 2557 eornmeruorotioae
536 2500 623 2559 beata
644 2499 753 2556 Marcie
777 2499 813 2556 ab
837 2497 953 2556 Oetacis
972 2498 1153 2576 Epiphania
1172 2520 1262 2578 usqae
1283 2496 1319 2560 ud

121 2579 363 2655 Pun'fieotioaem
384 2580 525 2638 dicautur
547 2581 610 2638 ieta
630 2580 698 2637 duee
718 2579 881 2655 Sequentia
904 2579 1082 2651 attenuatius,
1104 2581 1211 2641 scilieet
1232 2582 1317 2641 Lete·

122 2661 248 2731 bundus,
260 2669 287 2717 et
299 2660 375 2717 ista:

201 2741 274 2799 Post
288 2747 408 2817 partum
421 2742 514 2820 virgo,
531 2742 637 2812 Maria,

201 2821 260 2879 Dei
273 2822 417 2899 genetrix,
429 2823 555 2881 secunda
568 2822 665 2900 gratia
678 2822 823 2880 Tonantis
836 2821 933 2899 plena,

96 2924 100 2932 ’
200 2903 278 2973 Ave,
294 2909 440 2961 terrarum
454 2903 583 2977 domina,
599 2905 677 2961 alma
687 2903 825 2961 caelorum
838 2903 948 2979 regina

202 2983 272 3040 'h'bi
285 2983 395 3041 athera
408 2985 561 3061 omnisque
575 2991 745 3042 sanctorum
759 2990 859 3041 turma
872 2984 1027 3060 depromat
1039 2985 1223 3062 symphonia

201 3063 309 3136 Tellus,
326 3064 449 3122 flumina
461 3072 551 3142 atque
565 3066 714 3141 sylvarum
729 3085 850 3123 nemora
862 3064 1010 3123 resultent
1021 3085 1093 3124 voce
1105 3086 1167 3125 sna

202 3144 297 3213 Salve,
313 3165 419 3221 parens
432 3146 553 3222 inclyta,
567 3146 640 3204 felix
653 3167 803 3223 puerpera

202 3223 304 3283 Perta
318 3226 371 3283 lm<
385 3233 416 3284 et
429 3228 540 3284 veritas
554 3227 664 3285 mundo
678 3233 723 3285 est
736 3227 824 3285 edita

202 3305 248 3363 Tu
261 3306 283 3365 J
285 3326 367 3365 esum
377 3308 487 3385 pupilla
500 3308 616 3366 lactasti
629 3329 720 3379 sacra,
733 3314 839 3366 extans
851 3308 936 3383 virgo
948 3307 1018 3380 feta,
1032 3317 1128 3366 mater
1140 3308 1260 3367 intecta

202 3386 293 3445 Unde
319 3389 428 3445 nostris
451 3409 506 3465 epa
532 3391 599 3447 fave
627 3390 712 3462 votis,
735 3389 864 3461 domins,
886 3388 1038 3447 Christum
1058 3390 1249 3467 interpellans
1266 3406 1317 3467 pro

242 3468 337 3526 usluto
350 3468 488 3528 humana.

200 3548 261 3609 Per
274 3555 313 3621 te,
328 3556 432 3611 mutor.
443 3551 555 3608 aloleri
567 3552 696 3609 filiorum
710 3551 880 3628 flagitamus
893 3550 1028 3622 crimina,

203 3629 324 3707 Nosque
337 3648 438 3689 omnes
457 3632 606 3690 introduci
620 3632 800 3709 sempiterna
813 3631 951 3692 Paradisi
963 3632 1080 3709 gaudis,

202 3712 269 3781 Quo
282 3712 419 3787 possimis
431 3713 502 3770 ritoe
516 3714 703 3789 perimamur
715 3713 816 3790 gloria.

180 3827 255 3887 Ilum
269 3826 332 3885 ulio
344 3825 510 3902 Sumenti«.

322 3908 413 3965 Alma
426 3908 484 3967 Ilei
496 3910 633 3985 genetrix
646 3910 751 3967 aterni
764 3909 886 3968 luminis
898 3909 987 3982 aula3

322 3989 440 4065 Stipltis
455 3990 599 4047 llariticre
613 3991 726 4048 soboles
739 4010 831 4063 mera,
844 3990 949 4048 florida
959 3990 1061 4067 virgin

322 4070 408 4127 Felix
421 4078 507 4146 pusrts
520 4070 587 4135 Dei.
601 4071 705 4147 patriae
718 4072 865 4148 repamtio
878 4077 1000 4143 sancts;

322 4150 421 4227 Digna
434 4151 500 4213 coli.
515 4153 615 4227 mgina
630 4154 700 4229 poli,
714 4153 864 4210 miseratio
877 4152 1001 4223 mundi;

320 4232 416 4309 Virgo
428 4251 534 4309 paruus
546 4253 718 4310 sonumque
731 4253 853 4292 manens
865 4233 979 4291 intaeta
991 4234 1078 4291 beata
1091 4254 1098 4301 ;

320 4312 388 4371 Solu
401 4313 537 4371 columba
552 4313 618 4384 lui,
630 4315 806 4372 venerabilis
818 4321 851 4372 et
863 4313 1028 4373 verecunda
1038 4334 1047 4386 ;

320 4394 389 4452 Solu
399 4394 496 4455 dicatu
510 4394 574 4454 Deo
585 4415 640 4473 per
652 4396 757 4455 sucula
771 4395 1021 4468 concelebrands3
