2910 4904
336 336 384 401 Ia
399 335 521 402 Notati
534 336 643 401 oniaco
660 335 859 421 Ooosessoris
872 343 902 402 et
915 336 1101 422 Pontificio.
1254 341 1316 404 149

189 504 284 562 Lectio
299 503 366 561 lita·
378 502 535 578 Sapientia
548 503 675 580 (Euctus.
691 503 758 560 alio.
774 503 887 581 etate.)

189 585 265 642 Ecce
278 585 409 642 sacerdos
423 604 555 660 magnus,
569 585 666 660 quiin
680 584 782 641 diebus
800 584 861 641 suis
874 584 986 660 placuit
999 585 1064 642 Deo
1077 591 1109 642 et
1120 585 1260 642 inventus
1272 591 1318 642 est

126 667 237 743 justus.
288 666 329 722 Et
352 666 385 722 in
406 671 538 741 tempore
561 665 727 735 iracundiae,
748 666 844 722 factus
857 671 902 722 est
921 665 1127 724 reconciliatio.
1179 666 1249 723 Non
1271 672 1317 723 est

131 748 272 804 inventus
293 747 398 804 similis
418 746 472 819 illi,
487 746 539 822 qui
553 751 738 803 conservaret
757 745 851 822 legem
874 746 997 803 Excelsi
1034 746 1107 804 Ideo
1123 747 1316 823 jurejurando

131 828 202 885 fecit
215 827 302 884 illum
323 827 470 884 Dominus
487 846 612 885 crescere
625 826 658 883 in
671 827 786 903 plebem
804 846 895 884 suam.
932 826 1172 885 Benedictionem
1184 828 1317 898 omniurn

131 908 266 984 gentium
280 908 362 966 dedit
374 908 429 980 illi,
443 915 473 964 et
487 913 698 964 testamentum
718 927 805 964 suum
825 907 1010 964 confirmavit
1029 926 1117 984 super
1136 914 1225 984 caput
1244 909 1315 984 ejus.

133 989 281 1065 Cognovit
301 1008 370 1046 eum
392 988 425 1044 in
446 988 707 1059 benedictionibus,
731 988 791 1045 suis
811 989 996 1045 conservavit
1018 988 1063 1044 illi
1089 989 1318 1047 miscricordiam

132 1089 224 1142 suam,
247 1076 278 1127 et
297 1069 413 1126 invenit
433 1069 559 1145 gratiam
583 1087 680 1125 coram
699 1069 791 1125 oculis
805 1068 934 1125 Domini.
986 1068 1190 1144 Magnificavit
1204 1089 1272 1127 eum
1284 1070 1317 1126 in

133 1157 290 1226 conspectu
303 1169 423 1226 regum,
437 1157 468 1206 et
481 1150 562 1206 dedit
575 1149 620 1205 illi
629 1169 764 1206 coronam
772 1149 879 1224 gloriae.
922 1148 1037 1206 Statuit
1049 1150 1094 1206 illi
1106 1156 1317 1208 testamentum

132 1232 352 1307 sempiternum,
367 1236 397 1287 et
411 1230 492 1288 dedit
509 1230 556 1285 illi
572 1230 766 1286 sacerdotium
779 1249 928 1305 magnum,
944 1236 974 1287 et
987 1231 1167 1288 beatificavit
1180 1231 1266 1288 illum
1284 1231 1318 1289 in

131 1312 233 1387 gloria
276 1312 375 1388 Fungi
397 1311 565 1381 sacerdotio,
581 1315 611 1366 et
625 1309 731 1367 habere
744 1310 862 1367 laudem
875 1311 909 1366 in
922 1311 1041 1368 nomine
1055 1311 1156 1387 ipsius,
1171 1317 1202 1370 ct
1215 1312 1318 1369 offerre

131 1392 178 1448 illi
190 1392 342 1449 incensum
357 1392 480 1467 dignum
493 1391 526 1447 in
539 1391 656 1448 odorem
670 1391 832 1448 suavitatis.

188 1472 285 1546 Lectio
299 1472 366 1530 libri
378 1471 535 1546 Sapientiae
548 1470 677 1545 (Ecclos.
691 1472 744 1528 alo.
760 1471 839 1528 raleii.
854 1471 946 1529 xlviii.
962 1479 989 1529 et
1001 1472 1090 1549 alia.)

187 1553 262 1611 Ecce
286 1553 417 1610 sacerdos
437 1571 568 1628 magnus,
583 1552 636 1626 qui
657 1553 691 1608 in
714 1551 816 1608 diebus
839 1551 899 1608 suis
919 1553 1029 1628 placuit
1049 1553 1113 1610 Deo
1134 1553 1236 1625 Israel,
1252 1553 1318 1611 ideo

126 1634 236 1691 statuit
259 1634 296 1690 ad
317 1634 402 1690 illum
425 1639 636 1690 testamentum
659 1633 747 1708 pacis,
768 1638 803 1688 ut
827 1632 867 1689 sit
888 1633 934 1689 illi
957 1634 1112 1691 sacerdotii
1133 1634 1262 1710 dignitas
1284 1635 1318 1691 in

125 1720 278 1771 aeternum.
320 1715 475 1771 Invocavit
496 1714 659 1770 Dominum
680 1714 918 1789 omnipotentem,
933 1719 963 1771 et
982 1715 1063 1772 dedit
1076 1715 1108 1771 in
1122 1715 1242 1772 dextera
1256 1715 1319 1791 ejus

126 1795 253 1852 tolerare
266 1795 415 1852 hominem
427 1795 533 1852 fortem
547 1795 579 1850 in
594 1794 677 1864 bello,
694 1803 724 1851 et
738 1795 869 1851 exaltare
889 1814 979 1852 cornu
999 1796 1095 1871 gentis
1108 1815 1174 1853 suae.
1217 1795 1257 1852 In
1270 1795 1318 1853 die

125 1895 179 1932 suo
198 1895 260 1932 non
274 1875 426 1952 pertimuit
438 1876 609 1951 principem,
625 1881 655 1932 ot
668 1876 700 1931 in
713 1875 848 1950 potentia
860 1895 946 1932 nemo
959 1876 1032 1933 vicit
1046 1876 1139 1946 illum,
1150 1895 1204 1934 nec
1217 1895 1316 1954 super-

126 1958 190 2013 avit
211 1957 297 2013 illum
317 1958 440 2014 verbum
461 1956 588 2031 aliquod,
603 1961 633 2013 et
655 1963 805 2012 mortuum
826 1957 1014 2032 prophetavit
1036 1977 1140 2033 corpus
1162 1959 1234 2033 ejus
1277 1956 1316 2013 In

126 2036 191 2094 vita
204 2057 258 2095 sua
270 2036 340 2094 fecit
352 2043 492 2107 monstra,
507 2044 537 2094 et
550 2037 583 2093 in
602 2043 697 2093 morte
718 2043 854 2112 operatus
868 2043 913 2094 est
926 2037 1078 2095 mirabilia
1121 2038 1160 2095 In
1174 2038 1255 2096 omni
1267 2057 1318 2095 ore

128 2118 214 2194 quasi
237 2118 295 2174 mel
318 2118 518 2175 indulcabitur
543 2119 605 2193 ejus
629 2118 776 2189 memoria,
793 2124 823 2174 et
847 2124 881 2175 ut
903 2118 1014 2175 musica
1037 2119 1069 2174 in
1089 2118 1224 2176 convivio
1244 2118 1315 2175 vini.

128 2199 198 2276 Ipse
210 2204 256 2256 est
270 2199 397 2257 directus
418 2199 561 2256 divinitus
583 2199 615 2254 in
636 2199 809 2273 paenitentia
829 2199 932 2275 gentis,
953 2204 983 2257 et
1003 2199 1075 2255 tulit
1088 2199 1318 2257 abominationes

127 2279 291 2356 impietatis
300 2300 309 2352 3
323 2287 352 2336 et
365 2280 540 2355 gubernavit
554 2279 592 2336 ad
606 2279 768 2336 Dominum
789 2299 838 2337 cor
858 2280 958 2355 ipsius.
1001 2279 1042 2336 Et
1056 2280 1088 2336 in
1102 2280 1204 2337 diebus
1223 2300 1320 2357 pecca·

127 2366 227 2417 torum
240 2361 437 2417 corroboravit
444 2361 593 2435 pietatem,
603 2360 689 2417 homo
699 2361 833 2436 princeps
841 2361 975 2431 fratrum,
985 2361 1200 2418 firmamentum
1211 2361 1315 2434 gantis,

128 2441 365 2498 stabilimentum
387 2441 497 2516 populi,
513 2447 608 2497 rector
629 2441 762 2498 fratrum.
805 2441 915 2498 Beatus
939 2441 992 2516 qui
1015 2442 1048 2497 in
1069 2441 1135 2498 istis
1154 2442 1319 2499 versabitur

127 2522 233 2580 bonis:
259 2522 311 2597 qui
323 2522 408 2597 ponit
430 2523 482 2578 illa
505 2523 538 2577 in
552 2521 636 2578 corde
651 2541 712 2592 suo,
727 2521 842 2598 sapiens
863 2522 920 2578 erit
940 2541 1060 2596 semper.
1104 2521 1137 2578 Si
1156 2522 1235 2578 enim
1255 2521 1317 2579 haec

127 2602 241 2674 fecerit,
257 2603 405 2659 adomnia
419 2603 537 2673 valebit,
554 2603 623 2678 quia
637 2603 691 2658 lux
694 2567 762 2740 lei
774 2603 932 2739 lvestigium
946 2604 1009 2678 ejus
1023 2607 1073 2659 est

187 2682 286 2741 Lectio
299 2683 367 2741 labri
379 2682 535 2759 Sapientiae
548 2685 567 2755 (
569 2683 678 2741 Ecc
774 2684 844 2754 15
860 2683 999 2754 6-1112,1‚5
1016 2683 1080 2761 23).

189 2763 265 2821 Eece
292 2764 422 2821 sacerdos
449 2784 516 2839 mag
517 2783 573 2821 nus
599 2764 652 2839 qui
678 2765 711 2820 in
694 2684 800 2820 lvita
823 2784 876 2821 sua
903 2764 1018 2821 curavit
1041 2770 1158 2840 gentem
1180 2783 1273 2836 suam,
1287 2770 1318 2821 11

126 2845 267 2902 liberavit
287 2865 350 2902 eam
374 2865 392 2902 a
414 2845 585 2921 perditione.
634 2845 693 2914 Qui
720 2845 848 2901 suffulsit
871 2845 998 2915 domum,
1021 2851 1052 2902 et
1074 2847 1107 2901 111
1129 2844 1232 2902 diebus
1258 2844 1319 2903 suis

128 2926 329 2983 corroboravit
362 2927 512 3000 templum.
570 2925 629 2994 Qui
663 2927 818 3001 praevaluit
851 2925 1029 3001 amplificare
1062 2926 1232 2983 civitatem:
1266 2926 1320 3002 qui

127 3007 253 3083 adeptus
276 3011 320 3063 est
342 3006 466 3081 gloriam
487 3007 519 3062 in
542 3007 730 3064 conversione
752 3007 856 3083 gentis.
900 3007 991 3076 Quasi
1011 3008 1097 3064 stella
1119 3007 1267 3064 matutina
1285 3007 1319 3062 in

127 3088 225 3144 medio
248 3087 371 3157 nebulae,
386 3093 417 3144 et
441 3088 524 3162 quasi
545 3088 615 3143 luna
639 3087 726 3162 plena
746 3087 778 3143 in
803 3087 906 3144 diebus
929 3087 989 3145 suis
1012 3088 1099 3158 lucet,
1121 3094 1153 3144 et
1171 3088 1256 3164 quasi
1275 3088 1320 3145 sol

126 3169 285 3243 refulgens,
299 3168 340 3224 sic
361 3167 411 3224 ille
433 3169 543 3225 effulsit
565 3169 597 3224 in
619 3167 728 3243 templo
750 3169 815 3228 Dei.
859 3168 951 3238 Quasi
970 3188 1054 3225 arcus
1073 3168 1220 3244 refulgens
1240 3168 1319 3226 inter

128 3248 252 3306 nebulas
265 3248 373 3323 gloriae,
388 3254 418 3306 et
432 3250 515 3324 quasi
529 3249 582 3305 flos
603 3268 735 3305 rosarum
755 3249 787 3304 in
808 3249 910 3306 diebus
923 3250 1028 3308 vernis.
1072 3250 1167 3319 Quasi,
1177 3249 1241 3306 lilia
1253 3268 1318 3325 quae

128 3335 200 3386 sunt
213 3329 246 3385 in
259 3330 387 3386 transitu
408 3350 499 3405 aquae,
514 3337 544 3386 et
564 3330 649 3404 quasi
669 3330 738 3386 thus
758 3330 892 3387 redolens
905 3330 938 3386 in
951 3331 1054 3387 diebus
1067 3330 1187 3388 aestatis.
1227 3330 1320 3399 Quasi

129 3410 207 3487 ignis
220 3409 361 3484 effulgens
382 3416 413 3466 et
433 3411 504 3467 thus
525 3411 629 3467 ardens
651 3410 683 3466 in
705 3411 781 3485 igne,
797 3410 881 3486 quasi
893 3430 945 3468 vas
958 3411 1023 3467 auri
1043 3411 1167 3468 solidum
1180 3418 1319 3469 ornatum

129 3490 211 3547 omni
224 3490 321 3565 lapide
335 3491 468 3566 pretioso.
512 3491 603 3560 Quasi
617 3491 694 3548 oliva
707 3491 865 3566 pullulans,
880 3498 910 3548 et
923 3510 1071 3567 cypressus
1084 3491 1117 3547 in
1130 3491 1319 3550 altitudinem

129 3591 160 3628 se
174 3571 327 3641 extollens,
341 3572 374 3627 in
388 3572 554 3647 accipiendo
576 3572 662 3628 illum
684 3572 789 3628 stolam
810 3572 927 3649 gloriae3
948 3578 978 3629 11
991 3572 1093 3629 vestiri
1114 3592 1182 3629 eum
1202 3573 1234 3630 in
1254 3593 1319 3631 con-

129 3652 356 3709 summationem
364 3653 491 3709 virtutis.
533 3653 572 3708 In
583 3672 702 3710 ascensu
713 3653 815 3709 altaris
825 3653 919 3710 sancti
928 3652 1051 3728 gloriam
1060 3653 1141 3710 dedit
1155 3655 1320 3712 sanctitatis

129 3732 280 3791 amictum.
326 3733 365 3789 In
392 3734 559 3809 accipiendo
581 3740 681 3790 autem
702 3739 800 3808 partes
824 3734 860 3792 de
881 3753 970 3791 manu
992 3734 1183 3805 sacerdotum,
1206 3741 1237 3793 et
1257 3735 1319 3810 ipse

129 3820 212 3871 stans
229 3814 321 3888 juxta
338 3834 419 3870 aram
440 3814 571 3907 porrexit
592 3834 712 3870 manum
734 3834 817 3871 suam
830 3816 862 3870 in
875 3815 1023 3886 libatione,
1039 3821 1069 3872 et
1083 3816 1189 3872 libavit
1201 3816 1319 3873 odorem

128 3894 266 3952 divinum
280 3896 392 3952 excelso
405 3895 537 3987 principi.
580 3896 621 3951 Et
634 3895 753 3952 iteravit
741 3896 929 3953 torationem
947 3915 1038 3966 suam,
1053 3898 1154 3953 volens
1167 3896 1318 3954 ostendere

128 3976 273 4032 virtutem
288 3976 345 4032 Dei
347 3976 421 4051 ,qui
440 3976 509 4033 fecit
528 3976 680 4033 nobiscum
704 3976 863 4033 secundum
886 3996 968 4033 suam
982 3977 1242 4034 misericordiam·
1260 3977 1320 4046 Qui

128 4057 179 4114 det
200 4055 286 4112 nobis
303 4057 519 4132 jocunditatem
540 4057 766 4129 cordis,etfie1i
778 4077 879 4134 pacem
892 4059 924 4115 in
937 4058 1040 4116 diebus
1059 4058 1189 4115 nostris
1180 4077 1213 4114 11
1226 4055 1319 4114 Israel

127 4157 182 4213 per
195 4136 258 4193 dies
272 4138 469 4213 sempiternos.

188 4216 239 4274 Ad
252 4216 388 4275 Hebraeos
401 4217 441 4294 (v.
462 4218 536 4294 1-6)

187 4299 324 4355 Fratres:
346 4299 450 4357 Omnis
463 4299 597 4375 pontifex
610 4318 700 4373 usque
713 4300 753 4357 ad
767 4300 987 4358 Melchisedech.

188 4379 286 4437 Lectio
300 4379 369 4437 libri
380 4379 538 4454 Sapientiae
551 4379 679 4456 (Ecelua
694 4380 773 4438 atrii.
790 4381 884 4456 9-13).

188 4460 282 4518 Dedit
292 4460 439 4520 Dominus
452 4461 661 4518 confessionem
674 4466 774 4519 sancto
784 4480 837 4519 suo
847 4461 971 4518 Excelso
985 4460 1017 4517 in
1032 4459 1114 4518 vobis
1128 4459 1235 4537 gloria.
1271 4461 1319 4520 De
