2910 4904
393 298 502 364 Musa
524 299 563 364 dc
584 299 731 366 Nomine
752 301 844 387 Jceu.

397 465 419 523 J
420 486 486 524 esus
499 473 544 523 est
558 467 720 540 deliciosuS,

397 545 438 603 Et
452 548 530 623 sapit
544 547 719 607 dulcissime.

357 627 378 684 J
380 647 446 685 esus
460 627 539 685 sama
552 629 704 704 gloriosus,

396 708 418 766 J
419 728 486 766 esus
499 710 613 767 cunctis
627 711 803 783 fructuosus,

396 790 419 847 J
420 809 485 846 esus
499 796 581 848 totus
595 793 746 849 virtuosus

398 869 493 928 Fovet
507 891 574 929 suos
588 873 707 949 optime.

357 951 477 1008 Summe
490 959 596 1027 potens
609 954 642 1009 in
658 943 764 1030 vigore,

395 1032 516 1090 Summe
530 1033 624 1091 celsus
638 1035 671 1091 in
684 1035 806 1107 honore,

395 1113 516 1171 Summe
529 1121 632 1190 gratus
645 1116 678 1171 in
692 1135 800 1188 amore,

397 1194 523 1252 Omnem
537 1195 655 1252 laudem
668 1197 792 1254 obtinet.

352 1275 392 1332 In
406 1275 523 1333 sciendo
537 1296 651 1334 summe
665 1279 751 1354 sapit,

395 1356 565 1414 Ambiendo
580 1365 686 1415 cuncta
699 1359 788 1435 capit,

397 1437 556 1512 Diligendo
570 1439 657 1496 corda
670 1440 759 1516 rapit,

396 1517 438 1574 Et
451 1517 570 1576 illecta*
583 1521 701 1578 retinet.

356 1598 412 1655 Eia
424 1618 533 1656 nomen
546 1601 632 1658 nobis
644 1607 772 1676 gnatum,

393 1679 415 1737 J
416 1699 482 1737 esus
496 1681 589 1739 dulcis
603 1682 793 1757 appellatum,

395 1760 442 1817 Sit
455 1762 488 1818 in
502 1762 642 1819 cordesio
656 1763 816 1834 firmatum,

396 1841 443 1899 Ut
456 1862 517 1900 non
531 1843 624 1919 possit
637 1844 709 1901 erui.

355 1922 422 1979 Hoc
436 1930 552 1980 reatum
565 1930 752 2000 peccatorum

393 2003 491 2061 Tollat
499 2024 508 2076 3
528 2010 648 2080 praestet
657 2006 823 2081 jubilorum

394 2084 475 2153 Odas
482 2105 492 2157 3
512 2085 580 2143 sede
594 2086 749 2144 beatorum

394 2165 495 2222 Donet
508 2167 594 2223 nobis
607 2167 729 2242 perfrui.
772 2169 879 2224 Amen.

72 2281 164 2358 Infra
177 2284 431 2361 Septcoyccimcna
476 2289 607 2347 Tractus.

393 2379 488 2438 Dulce
501 2401 609 2439 nomen
622 2381 644 2440 J
645 2401 696 2440 esu
711 2382 831 2453 Christi,

393 2461 480 2519 Felix
494 2482 580 2520 omen
593 2464 690 2521 ferens
703 2464 792 2536 tristi,

432 2543 455 2600 J
457 2544 606 2601 ocundans
619 2551 748 2602 mentem
757 2544 855 2620 jubilo
866 2564 875 2616 ;

338 2623 367 2682 V.
394 2623 486 2681 Tollit
499 2625 621 2698 luctum,
637 2626 723 2682 affert
737 2626 876 2698 fructum,

392 2705 433 2762 Et
447 2706 608 2763 obductum
621 2713 653 2763 et
666 2707 820 2765 seductum

431 2786 545 2862 Purgat
558 2807 609 2844 eor
621 2808 640 2845 a
652 2788 763 2847 nubilo.

337 2866 366 2928 V.
392 2866 599 2941 Nominatum,
613 2869 795 2942 invocatum,

391 2947 590 3021 Honoratum,
604 2950 806 3024 praedicatum,

432 3028 553 3105 Semper
566 3035 652 3086 sonet
666 3030 800 3089 dulciter.

336 3107 365 3166 V.
392 3108 466 3167 Tam
479 3116 640 3186 peccatum,
656 3131 746 3187 quam
759 3117 885 3184 reatum,
964 3129 966 3133 ’

392 3190 607 3261 Condonatum,
623 3200 820 3268 expurgatum

432 3271 546 3329 Reddit
558 3272 690 3330 mulcens
703 3274 819 3331 leniter.

337 3351 367 3411 V.
394 3352 506 3410 Hostes
519 3353 598 3424 ferit,
612 3373 708 3411 mores
721 3355 802 3426 serit,

392 3432 475 3490 Mala
488 3432 567 3504 ferit,
581 3453 685 3509 graves
698 3435 784 3510 gerit,

430 3514 558 3571 Plenum
571 3521 617 3571 est
630 3515 820 3590 praesidium3

335 3593 365 3653 V.
391 3594 455 3651 Nos
469 3595 610 3666 defendit,
626 3615 680 3652 nos
694 3596 836 3668 accendit,

389 3674 421 3731 N
422 3695 454 3732 os
468 3676 599 3733 intendit
612 3682 643 3733 et
656 3676 792 3733 extendit

430 3756 499 3813 Hoc
512 3776 621 3813 nomen
634 3757 667 3813 in
680 3757 830 3834 gaudium.

68 3869 237 3927 Secundum
251 3870 425 3928 Mattbaeum
438 3869 475 3946 (i.
493 3872 613 3949 20-23)

68 3950 108 4007 In
122 3951 174 4008 illo
187 3958 328 4028 tempore,
344 3952 479 4028 Angelus
493 3952 617 4010 Domini
630 3953 769 4030 apparuit
791 3973 883 4030 aeque
896 3956 937 4014 cd
950 3956 1102 4016 nobiscum
1116 3957 1206 4015 Deus.

68 4048 325 4189 Visebbomliiqdmeo
334 4131 479 4189 daemonia
493 4130 612 4206 ejicient
626 4153 633 4190 ε
648 4132 758 4210 linguis
772 4132 932 4210 loquentur
941 4135 1026 4194 novis
1039 4156 1046 4194 :
1059 4131 1209 4213 serpentes

42 4210 134 4270 llent:
156 4218 187 4269 et
210 4213 236 4269 si
258 4213 444 4270 mortiferum
469 4211 541 4288 quid
564 4213 701 4286 biberint,
716 4233 771 4271 nos
791 4215 833 4273 eis
852 4215 990 4276 nocebit:
1011 4236 1098 4294 super
1117 4235 1209 4293 aegroe

42 4311 112 4350 auus
125 4293 288 4370 imponent,
304 4300 334 4351 et
347 4294 422 4352 bene
436 4293 595 4364 habebunt,
610 4293 745 4370 alleluya.

504 4433 518 4460 ⁴*
536 4434 702 4482 Edu-illata.
