<?xml version="1.0" encoding="UTF-8"?>
<!DOCTYPE html PUBLIC "-//W3C//DTD XHTML 1.0 Transitional//EN"
    "http://www.w3.org/TR/xhtml1/DTD/xhtml1-transitional.dtd">
<html xmlns="http://www.w3.org/1999/xhtml" xml:lang="en" lang="en">
 <head>
  <title>
</title>
<meta http-equiv="Content-Type" content="text/html;charset=utf-8" />
  <meta name='ocr-system' content='tesseract 3.04.00' />
  <meta name='ocr-capabilities' content='ocr_page ocr_carea ocr_par ocr_line ocrx_word'/>
</head>
<body>
  <div class='ocr_page' id='page_1' title='image "./missaleadusumin01churgoog_0117.png"; bbox 0 0 2910 4904; ppageno 0'>
   <div class='ocr_carea' id='block_1_1' title="bbox 590 344 868 429">
    <p class='ocr_par' dir='ltr' id='par_1_1' title="bbox 590 344 868 429">
     <span class='ocr_line' id='line_1_1' title="bbox 590 344 868 429; baseline 0 -20"><span class='ocrx_word' id='word_1_1' title='bbox 590 344 687 411; x_wconf 69' lang='lat' dir='ltr'>rata</span> <span class='ocrx_word' id='word_1_2' title='bbox 707 344 868 429; x_wconf 63' lang='lat' dir='ltr'>nuqua</span> 
     </span>
    </p>
   </div>
   <div class='ocr_carea' id='block_1_2' title="bbox 465 511 978 1479">
    <p class='ocr_par' dir='ltr' id='par_1_2' title="bbox 467 511 680 585">
     <span class='ocr_line' id='line_1_2' title="bbox 467 511 680 585; baseline -0.009 -14"><span class='ocrx_word' id='word_1_3' title='bbox 467 511 680 585; x_wconf 79' lang='lat' dir='ltr'>Sanctificavit,</span> 
     </span>
    </p>

    <p class='ocr_par' dir='ltr' id='par_1_3' title="bbox 467 592 762 664">
     <span class='ocr_line' id='line_1_3' title="bbox 467 592 762 664; baseline 0.003 -14"><span class='ocrx_word' id='word_1_4' title='bbox 467 593 606 651; x_wconf 75' lang='lat' dir='ltr'><strong>Sanctam</strong></span> <span class='ocrx_word' id='word_1_5' title='bbox 621 592 762 664; x_wconf 86' lang='lat' dir='ltr'>servavit,</span> 
     </span>
    </p>

    <p class='ocr_par' dir='ltr' id='par_1_4' title="bbox 466 673 864 832">
     <span class='ocr_line' id='line_1_4' title="bbox 466 673 864 745; baseline 0 -14"><span class='ocrx_word' id='word_1_6' title='bbox 466 675 508 731; x_wconf 86' lang='lat' dir='ltr'>Et</span> <span class='ocrx_word' id='word_1_7' title='bbox 521 675 643 732; x_wconf 79' lang='lat' dir='ltr'>mittens</span> <span class='ocrx_word' id='word_1_8' title='bbox 657 675 699 732; x_wconf 82' lang='lat' dir='ltr'>sic</span> <span class='ocrx_word' id='word_1_9' title='bbox 712 673 864 745; x_wconf 83' lang='lat' dir='ltr'>salutavit,</span> 
     </span>
     <span class='ocr_line' id='line_1_5' title="bbox 506 755 792 832; baseline -0.003 -20"><span class='ocrx_word' id='word_1_10' title='bbox 506 755 575 813; x_wconf 83' lang='lat' dir='ltr'>Are</span> <span class='ocrx_word' id='word_1_11' title='bbox 588 755 676 832; x_wconf 85' lang='lat' dir='ltr'>plena</span> <span class='ocrx_word' id='word_1_12' title='bbox 688 755 792 832; x_wconf 81' lang='lat' dir='ltr'>gratia.</span> 
     </span>
    </p>

    <p class='ocr_par' dir='ltr' id='par_1_5' title="bbox 466 835 865 912">
     <span class='ocr_line' id='line_1_6' title="bbox 466 835 865 912; baseline -0.003 -19"><span class='ocrx_word' id='word_1_13' title='bbox 466 835 526 894; x_wconf 86' lang='lat' dir='ltr'>Per</span> <span class='ocrx_word' id='word_1_14' title='bbox 537 836 614 893; x_wconf 91' lang='lat' dir='ltr'>illud</span> <span class='ocrx_word' id='word_1_15' title='bbox 626 837 695 894; x_wconf 82' lang='lat' dir='ltr'>Ave</span> <span class='ocrx_word' id='word_1_16' title='bbox 707 836 865 912; x_wconf 88' lang='lat' dir='ltr'>prolatum,</span> 
     </span>
    </p>

    <p class='ocr_par' dir='ltr' id='par_1_6' title="bbox 465 916 933 993">
     <span class='ocr_line' id='line_1_7' title="bbox 465 916 933 993; baseline 0.002 -19"><span class='ocrx_word' id='word_1_17' title='bbox 465 916 507 974; x_wconf 86' lang='lat' dir='ltr'>Et</span> <span class='ocrx_word' id='word_1_18' title='bbox 519 922 607 974; x_wconf 89' lang='lat' dir='ltr'>tuum</span> <span class='ocrx_word' id='word_1_19' title='bbox 619 936 792 993; x_wconf 82' lang='lat' dir='ltr'>responsum</span> <span class='ocrx_word' id='word_1_20' title='bbox 804 922 933 993; x_wconf 85' lang='lat' dir='ltr'>gratum,</span> 
     </span>
    </p>

    <p class='ocr_par' dir='ltr' id='par_1_7' title="bbox 465 997 978 1148">
     <span class='ocr_line' id='line_1_8' title="bbox 465 997 978 1072; baseline 0.004 -17"><span class='ocrx_word' id='word_1_21' title='bbox 465 997 521 1055; x_wconf 83' lang='lat' dir='ltr'>Eat</span> <span class='ocrx_word' id='word_1_22' title='bbox 534 1018 572 1055; x_wconf 86' lang='lat' dir='ltr'>ex</span> <span class='ocrx_word' id='word_1_23' title='bbox 585 1004 616 1056; x_wconf 87' lang='lat' dir='ltr'>te</span> <span class='ocrx_word' id='word_1_24' title='bbox 630 998 766 1055; x_wconf 87' lang='lat' dir='ltr'><strong>Verbum</strong></span> <span class='ocrx_word' id='word_1_25' title='bbox 779 998 978 1072; x_wconf 79' lang='lat' dir='ltr'>incarnatum,</span> 
     </span>
     <span class='ocr_line' id='line_1_9' title="bbox 488 1078 863 1148; baseline 0.003 -11"><span class='ocrx_word' id='word_1_26' title='bbox 488 1117 492 1126; x_wconf 91' lang='lat'>.</span> <span class='ocrx_word' id='word_1_27' title='bbox 507 1079 573 1148; x_wconf 82' lang='lat' dir='ltr'>Quo</span> <span class='ocrx_word' id='word_1_28' title='bbox 587 1079 743 1137; x_wconf 77' lang='lat' dir='ltr'>salvantur</span> <span class='ocrx_word' id='word_1_29' title='bbox 756 1078 863 1138; x_wconf 87' lang='lat' dir='ltr'>omnia.</span> 
     </span>
    </p>

    <p class='ocr_par' dir='ltr' id='par_1_8' title="bbox 465 1159 895 1234">
     <span class='ocr_line' id='line_1_10' title="bbox 465 1159 895 1234; baseline 0 -17"><span class='ocrx_word' id='word_1_30' title='bbox 465 1159 556 1218; x_wconf 88' lang='lat' dir='ltr'>Nunc</span> <span class='ocrx_word' id='word_1_31' title='bbox 569 1167 665 1218; x_wconf 85' lang='lat' dir='ltr'>mater</span> <span class='ocrx_word' id='word_1_32' title='bbox 677 1179 767 1218; x_wconf 87' lang='lat' dir='ltr'>cxora</span> <span class='ocrx_word' id='word_1_33' title='bbox 780 1166 895 1234; x_wconf 84' lang='lat' dir='ltr'>natum,</span> 
     </span>
    </p>

    <p class='ocr_par' dir='ltr' id='par_1_9' title="bbox 466 1241 898 1314">
     <span class='ocr_line' id='line_1_11' title="bbox 466 1241 898 1314; baseline 0 -15"><span class='ocrx_word' id='word_1_34' title='bbox 466 1241 512 1299; x_wconf 78' lang='lat' dir='ltr'>Ut</span> <span class='ocrx_word' id='word_1_35' title='bbox 523 1247 659 1299; x_wconf 86' lang='lat' dir='ltr'>nostrum</span> <span class='ocrx_word' id='word_1_36' title='bbox 672 1241 760 1298; x_wconf 85' lang='lat' dir='ltr'>tollat</span> <span class='ocrx_word' id='word_1_37' title='bbox 773 1246 898 1314; x_wconf 87' lang='lat' dir='ltr'>reatum,</span> 
     </span>
    </p>

    <p class='ocr_par' dir='ltr' id='par_1_10' title="bbox 466 1322 970 1479">
     <span class='ocr_line' id='line_1_12' title="bbox 466 1322 970 1399; baseline 0.002 -20"><span class='ocrx_word' id='word_1_38' title='bbox 466 1323 507 1379; x_wconf 86' lang='lat' dir='ltr'>Et</span> <span class='ocrx_word' id='word_1_39' title='bbox 520 1342 646 1398; x_wconf 89' lang='lat' dir='ltr'>regnum</span> <span class='ocrx_word' id='word_1_40' title='bbox 660 1322 712 1380; x_wconf 90' lang='lat' dir='ltr'>det</span> <span class='ocrx_word' id='word_1_41' title='bbox 724 1323 810 1380; x_wconf 86' lang='lat' dir='ltr'>nobis</span> <span class='ocrx_word' id='word_1_42' title='bbox 822 1328 970 1399; x_wconf 85' lang='lat' dir='ltr'>paratum,</span> 
     </span>
     <span class='ocr_line' id='line_1_13' title="bbox 506 1402 937 1479; baseline 0.005 -19"><span class='ocrx_word' id='word_1_43' title='bbox 506 1403 545 1460; x_wconf 90' lang='lat' dir='ltr'>In</span> <span class='ocrx_word' id='word_1_44' title='bbox 559 1403 670 1461; x_wconf 86' lang='lat' dir='ltr'>caelesti</span> <span class='ocrx_word' id='word_1_45' title='bbox 681 1402 787 1479; x_wconf 81' lang='lat' dir='ltr'>patria</span> <span class='ocrx_word' id='word_1_46' title='bbox 829 1403 937 1462; x_wconf 81' lang='lat' dir='ltr'>Amen.</span> 
     </span>
    </p>
   </div>
   <div class='ocr_carea' id='block_1_3' title="bbox 190 1533 970 3247">
    <p class='ocr_par' dir='ltr' id='par_1_11' title="bbox 190 1533 970 3247">
     <span class='ocr_line' id='line_1_14' title="bbox 190 1533 548 1616; baseline 0.006 -23"><span class='ocrx_word' id='word_1_47' title='bbox 190 1533 273 1616; x_wconf 68' lang='lat' dir='ltr'>Scato</span> <span class='ocrx_word' id='word_1_48' title='bbox 287 1537 342 1595; x_wconf 82' lang='lat' dir='ltr'>dic.</span> <span class='ocrx_word' id='word_1_49' title='bbox 384 1533 548 1613; x_wconf 69' lang='lat' dir='ltr'>Sequentia.</span> 
     </span>
     <span class='ocr_line' id='line_1_15' title="bbox 462 1632 792 1710; baseline -0.006 -19"><span class='ocrx_word' id='word_1_50' title='bbox 462 1633 566 1691; x_wconf 84' lang='lat' dir='ltr'>Gaude</span> <span class='ocrx_word' id='word_1_51' title='bbox 579 1633 639 1690; x_wconf 91' lang='lat' dir='ltr'>Dei</span> <span class='ocrx_word' id='word_1_52' title='bbox 651 1632 792 1710; x_wconf 75' lang='lat' dir='ltr'>genitrix,</span> 
     </span>
     <span class='ocr_line' id='line_1_16' title="bbox 462 1713 838 1790; baseline -0.003 -19"><span class='ocrx_word' id='word_1_53' title='bbox 462 1713 565 1772; x_wconf 81' lang='lat' dir='ltr'>Gaude</span> <span class='ocrx_word' id='word_1_54' title='bbox 578 1715 649 1771; x_wconf 79' lang='lat' dir='ltr'>vitae</span> <span class='ocrx_word' id='word_1_55' title='bbox 662 1713 838 1790; x_wconf 77' lang='lat' dir='ltr'>reparatrix,</span> 
     </span>
     <span class='ocr_line' id='line_1_17' title="bbox 461 1794 845 1871; baseline -0.003 -19"><span class='ocrx_word' id='word_1_56' title='bbox 461 1794 646 1871; x_wconf 84' lang='lat' dir='ltr'>Reginarum</span> <span class='ocrx_word' id='word_1_57' title='bbox 659 1794 845 1871; x_wconf 72' lang='lat' dir='ltr'>imperatrix,</span> 
     </span>
     <span class='ocr_line' id='line_1_18' title="bbox 461 1875 836 1949; baseline 0.003 -17"><span class='ocrx_word' id='word_1_58' title='bbox 461 1875 565 1933; x_wconf 83' lang='lat' dir='ltr'>Gaude</span> <span class='ocrx_word' id='word_1_59' title='bbox 578 1877 649 1933; x_wconf 84' lang='lat' dir='ltr'>vitia</span> <span class='ocrx_word' id='word_1_60' title='bbox 662 1875 836 1949; x_wconf 76' lang='lat' dir='ltr'>fructifera5</span> 
     </span>
     <span class='ocr_line' id='line_1_19' title="bbox 461 1956 970 2034; baseline 0.002 -20"><span class='ocrx_word' id='word_1_61' title='bbox 461 1956 566 2014; x_wconf 85' lang='lat' dir='ltr'>Dulcia</span> <span class='ocrx_word' id='word_1_62' title='bbox 579 1956 679 2014; x_wconf 87' lang='lat' dir='ltr'>fructu</span> <span class='ocrx_word' id='word_1_63' title='bbox 693 1957 781 2015; x_wconf 86' lang='lat' dir='ltr'>odore</span> <span class='ocrx_word' id='word_1_64' title='bbox 794 1956 970 2034; x_wconf 76' lang='lat' dir='ltr'>gratissima,</span> 
     </span>
     <span class='ocr_line' id='line_1_20' title="bbox 461 2037 908 2110; baseline -0.002 -15"><span class='ocrx_word' id='word_1_65' title='bbox 461 2037 518 2095; x_wconf 89' lang='lat' dir='ltr'>Gui</span> <span class='ocrx_word' id='word_1_66' title='bbox 531 2037 640 2095; x_wconf 90' lang='lat' dir='ltr'>cedunt</span> <span class='ocrx_word' id='word_1_67' title='bbox 653 2038 754 2095; x_wconf 88' lang='lat' dir='ltr'>omnia</span> <span class='ocrx_word' id='word_1_68' title='bbox 767 2044 908 2110; x_wconf 87' lang='lat' dir='ltr'>aromata,</span> 
     </span>
     <span class='ocr_line' id='line_1_21' title="bbox 460 2118 899 2194; baseline 0.005 -20"><span class='ocrx_word' id='word_1_69' title='bbox 460 2118 506 2176; x_wconf 84' lang='lat' dir='ltr'>Tu</span> <span class='ocrx_word' id='word_1_70' title='bbox 520 2118 696 2194; x_wconf 68' lang='lat' dir='ltr'>pulchram,</span> <span class='ocrx_word' id='word_1_71' title='bbox 712 2124 747 2177; x_wconf 91' lang='lat' dir='ltr'>ut</span> <span class='ocrx_word' id='word_1_72' title='bbox 761 2118 899 2194; x_wconf 78' lang='lat' dir='ltr'>Cynthia,</span> 
     </span>
     <span class='ocr_line' id='line_1_22' title="bbox 460 2199 966 2276; baseline 0.006 -21"><span class='ocrx_word' id='word_1_73' title='bbox 460 2200 500 2256; x_wconf 86' lang='lat' dir='ltr'>Et</span> <span class='ocrx_word' id='word_1_74' title='bbox 515 2199 599 2256; x_wconf 79' lang='lat' dir='ltr'>velut</span> <span class='ocrx_word' id='word_1_75' title='bbox 613 2200 657 2257; x_wconf 85' lang='lat' dir='ltr'>sol</span> <span class='ocrx_word' id='word_1_76' title='bbox 670 2200 790 2257; x_wconf 86' lang='lat' dir='ltr'>radians</span> <span class='ocrx_word' id='word_1_77' title='bbox 803 2199 966 2276; x_wconf 84' lang='lat' dir='ltr'>praeelecta,</span> 
     </span>
     <span class='ocr_line' id='line_1_23' title="bbox 460 2280 966 2356; baseline 0.006 -20"><span class='ocrx_word' id='word_1_78' title='bbox 460 2280 613 2338; x_wconf 83' lang='lat' dir='ltr'>Terribilia</span> <span class='ocrx_word' id='word_1_79' title='bbox 627 2287 664 2337; x_wconf 88' lang='lat' dir='ltr'>ut</span> <span class='ocrx_word' id='word_1_80' title='bbox 677 2280 808 2356; x_wconf 81' lang='lat' dir='ltr'>phalanx</span> <span class='ocrx_word' id='word_1_81' title='bbox 822 2281 966 2353; x_wconf 85' lang='lat' dir='ltr'>ordinata,</span> 
     </span>
     <span class='ocr_line' id='line_1_24' title="bbox 460 2361 762 2437; baseline 0 -19"><span class='ocrx_word' id='word_1_82' title='bbox 460 2361 596 2437; x_wconf 83' lang='lat' dir='ltr'>Speciosa</span> <span class='ocrx_word' id='word_1_83' title='bbox 610 2368 640 2419; x_wconf 90' lang='lat' dir='ltr'>et</span> <span class='ocrx_word' id='word_1_84' title='bbox 653 2362 762 2434; x_wconf 82' lang='lat' dir='ltr'>suavis,</span> 
     </span>
     <span class='ocr_line' id='line_1_25' title="bbox 460 2430 908 2519; baseline 0.002 -20"><span class='ocrx_word' id='word_1_85' title='bbox 460 2441 529 2499; x_wconf 86' lang='lat' dir='ltr'>Sola</span> <span class='ocrx_word' id='word_1_86' title='bbox 541 2430 734 2519; x_wconf 68' lang='lat' dir='ltr'>virgo‘mater</span> <span class='ocrx_word' id='word_1_87' title='bbox 749 2443 781 2499; x_wconf 93' lang='lat' dir='ltr'>in</span> <span class='ocrx_word' id='word_1_88' title='bbox 796 2442 908 2500; x_wconf 84' lang='lat' dir='ltr'>deliciis</span> 
     </span>
     <span class='ocr_line' id='line_1_26' title="bbox 459 2523 925 2600; baseline 0.006 -21"><span class='ocrx_word' id='word_1_89' title='bbox 459 2523 638 2582; x_wconf 84' lang='lat' dir='ltr'>Veneranda</span> <span class='ocrx_word' id='word_1_90' title='bbox 651 2523 765 2581; x_wconf 83' lang='lat' dir='ltr'>civibus</span> <span class='ocrx_word' id='word_1_91' title='bbox 779 2524 925 2600; x_wconf 79' lang='lat' dir='ltr'>angelicis,</span> 
     </span>
     <span class='ocr_line' id='line_1_27' title="bbox 459 2603 854 2677; baseline 0.003 -17"><span class='ocrx_word' id='word_1_92' title='bbox 459 2603 557 2662; x_wconf 84' lang='lat' dir='ltr'>Nobis</span> <span class='ocrx_word' id='word_1_93' title='bbox 571 2625 708 2663; x_wconf 84' lang='lat' dir='ltr'>succurre</span> <span class='ocrx_word' id='word_1_94' title='bbox 721 2605 854 2677; x_wconf 71' lang='lat' dir='ltr'>miseria,</span> 
     </span>
     <span class='ocr_line' id='line_1_28' title="bbox 458 2686 897 2762; baseline 0 -20"><span class='ocrx_word' id='word_1_95' title='bbox 458 2686 490 2742; x_wconf 92' lang='lat' dir='ltr'>N</span> <span class='ocrx_word' id='word_1_96' title='bbox 491 2705 507 2742; x_wconf 87' lang='lat' dir='ltr'>e</span> <span class='ocrx_word' id='word_1_97' title='bbox 521 2686 695 2743; x_wconf 87' lang='lat' dir='ltr'>damnemur</span> <span class='ocrx_word' id='word_1_98' title='bbox 708 2706 775 2743; x_wconf 89' lang='lat' dir='ltr'>cum</span> <span class='ocrx_word' id='word_1_99' title='bbox 788 2686 897 2762; x_wconf 79' lang='lat' dir='ltr'>impiis,</span> 
     </span>
     <span class='ocr_line' id='line_1_29' title="bbox 459 2766 970 2843; baseline 0.002 -20"><span class='ocrx_word' id='word_1_100' title='bbox 459 2766 518 2824; x_wconf 83' lang='lat' dir='ltr'>Sed</span> <span class='ocrx_word' id='word_1_101' title='bbox 530 2774 668 2843; x_wconf 84' lang='lat' dir='ltr'>percepta</span> <span class='ocrx_word' id='word_1_102' title='bbox 681 2773 868 2843; x_wconf 87' lang='lat' dir='ltr'>peccatorum</span> <span class='ocrx_word' id='word_1_103' title='bbox 880 2768 970 2824; x_wconf 86' lang='lat' dir='ltr'>venia</span> 
     </span>
     <span class='ocr_line' id='line_1_30' title="bbox 459 2846 923 2923; baseline 0.004 -20"><span class='ocrx_word' id='word_1_104' title='bbox 459 2846 498 2903; x_wconf 89' lang='lat' dir='ltr'>In</span> <span class='ocrx_word' id='word_1_105' title='bbox 512 2849 622 2904; x_wconf 88' lang='lat' dir='ltr'>caelesti</span> <span class='ocrx_word' id='word_1_106' title='bbox 635 2848 811 2905; x_wconf 84' lang='lat' dir='ltr'>collocemur</span> <span class='ocrx_word' id='word_1_107' title='bbox 824 2849 923 2923; x_wconf 87' lang='lat' dir='ltr'>patria</span> 
     </span>
     <span class='ocr_line' id='line_1_31' title="bbox 459 2927 834 2986; baseline 0.008 -3"><span class='ocrx_word' id='word_1_108' title='bbox 459 2927 518 2985; x_wconf 84' lang='lat' dir='ltr'>Per·</span> <span class='ocrx_word' id='word_1_109' title='bbox 532 2929 707 2985; x_wconf 82' lang='lat' dir='ltr'>saeculorum</span> <span class='ocrx_word' id='word_1_110' title='bbox 721 2929 834 2986; x_wconf 83' lang='lat' dir='ltr'>saecula.</span> 
     </span>
     <span class='ocr_line' id='line_1_32' title="bbox 459 3008 854 3085; baseline 0.005 -21"><span class='ocrx_word' id='word_1_111' title='bbox 459 3008 692 3082; x_wconf 78' lang='lat' dir='ltr'>Conclamemua,</span> <span class='ocrx_word' id='word_1_112' title='bbox 707 3009 854 3085; x_wconf 82' lang='lat' dir='ltr'>alleluya;</span> 
     </span>
     <span class='ocr_line' id='line_1_33' title="bbox 459 3089 855 3148; baseline 0.005 -3"><span class='ocrx_word' id='word_1_113' title='bbox 459 3089 506 3146; x_wconf 77' lang='lat' dir='ltr'>Sit</span> <span class='ocrx_word' id='word_1_114' title='bbox 520 3089 625 3147; x_wconf 84' lang='lat' dir='ltr'>Mariae</span> <span class='ocrx_word' id='word_1_115' title='bbox 638 3091 728 3148; x_wconf 87' lang='lat' dir='ltr'>matri</span> <span class='ocrx_word' id='word_1_116' title='bbox 742 3090 855 3148; x_wconf 85' lang='lat' dir='ltr'>Ghristi</span> 
     </span>
     <span class='ocr_line' id='line_1_34' title="bbox 458 3170 824 3247; baseline 0.005 -21"><span class='ocrx_word' id='word_1_117' title='bbox 458 3170 545 3243; x_wconf 77' lang='lat' dir='ltr'>Lana,</span> <span class='ocrx_word' id='word_1_118' title='bbox 561 3172 664 3242; x_wconf 88' lang='lat' dir='ltr'>honor,</span> <span class='ocrx_word' id='word_1_119' title='bbox 679 3179 710 3230; x_wconf 89' lang='lat' dir='ltr'>ct</span> <span class='ocrx_word' id='word_1_120' title='bbox 723 3172 824 3247; x_wconf 75' lang='lat' dir='ltr'>gloria„</span> 
     </span>
    </p>
   </div>
   <div class='ocr_carea' id='block_1_4' title="bbox 307 3406 1155 3503">
    <p class='ocr_par' dir='ltr' id='par_1_12' title="bbox 307 3406 1155 3503">
     <span class='ocr_line' id='line_1_35' title="bbox 307 3406 1155 3503; baseline 0.004 -40"><span class='ocrx_word' id='word_1_121' title='bbox 307 3416 312 3425; x_wconf 85' lang='lat'>&#39;</span> <span class='ocrx_word' id='word_1_122' title='bbox 375 3406 534 3464; x_wconf 75' lang='lat' dir='ltr'>Domurca</span> <span class='ocrx_word' id='word_1_123' title='bbox 556 3423 651 3463; x_wconf 70' lang='lat' dir='ltr'>narni</span> <span class='ocrx_word' id='word_1_124' title='bbox 672 3406 814 3464; x_wconf 74' lang='lat' dir='ltr'>Ocrnvas</span> <span class='ocrx_word' id='word_1_125' title='bbox 835 3406 1084 3503; x_wconf 60' lang='lat' dir='ltr'>Assunrrroura</span> <span class='ocrx_word' id='word_1_126' title='bbox 1150 3415 1155 3426; x_wconf 93' lang='grc'><strong>’</strong></span> 
     </span>
    </p>
   </div>
   <div class='ocr_carea' id='block_1_5' title="bbox 125 3542 1330 3701">
    <p class='ocr_par' dir='ltr' id='par_1_13' title="bbox 125 3542 1330 3701">
     <span class='ocr_line' id='line_1_36' title="bbox 183 3542 1330 3623; baseline 0.009 -24"><span class='ocrx_word' id='word_1_127' title='bbox 183 3545 231 3600; x_wconf 75' lang='lat' dir='ltr'>Aul</span> <span class='ocrx_word' id='word_1_128' title='bbox 253 3542 377 3601; x_wconf 70' lang='lat' dir='ltr'>iliacum</span> <span class='ocrx_word' id='word_1_129' title='bbox 399 3545 499 3602; x_wconf 72' lang='lat' dir='ltr'>omnic</span> <span class='ocrx_word' id='word_1_130' title='bbox 516 3548 597 3619; x_wconf 61' lang='lat' dir='ltr'>⁸fiunt</span> <span class='ocrx_word' id='word_1_131' title='bbox 621 3545 696 3601; x_wconf 77' lang='lat' dir='ltr'>sicut</span> <span class='ocrx_word' id='word_1_132' title='bbox 720 3545 753 3601; x_wconf 81' lang='lat' dir='ltr'>ia</span> <span class='ocrx_word' id='word_1_133' title='bbox 777 3545 833 3617; x_wconf 77' lang='lat' dir='ltr'>dic,</span> <span class='ocrx_word' id='word_1_134' title='bbox 854 3566 931 3604; x_wconf 78' lang='lat' dir='ltr'>more</span> <span class='ocrx_word' id='word_1_135' title='bbox 953 3545 1104 3623; x_wconf 78' lang='lat' dir='ltr'>Simplicia</span> <span class='ocrx_word' id='word_1_136' title='bbox 1124 3546 1206 3607; x_wconf 71' lang='lat' dir='ltr'>Fati</span> <span class='ocrx_word' id='word_1_137' title='bbox 1225 3570 1330 3609; x_wconf 69' lang='lat' dir='ltr'>roccam</span> 
     </span>
     <span class='ocr_line' id='line_1_37' title="bbox 125 3625 998 3701; baseline 0.005 -20"><span class='ocrx_word' id='word_1_138' title='bbox 125 3626 299 3696; x_wconf 74' lang='lat' dir='ltr'>Lectionum,</span> <span class='ocrx_word' id='word_1_139' title='bbox 318 3626 360 3682; x_wconf 70' lang='lat' dir='ltr'>[tc</span> <span class='ocrx_word' id='word_1_140' title='bbox 373 3626 451 3700; x_wconf 75' lang='lat' dir='ltr'>quod</span> <span class='ocrx_word' id='word_1_141' title='bbox 464 3625 626 3700; x_wconf 64' lang='lat' dir='ltr'>Sequentia</span> <span class='ocrx_word' id='word_1_142' title='bbox 634 3646 690 3701; x_wconf 77' lang='lat' dir='ltr'>per</span> <span class='ocrx_word' id='word_1_143' title='bbox 704 3626 836 3683; x_wconf 81' lang='lat' dir='ltr'>ordinem</span> <span class='ocrx_word' id='word_1_144' title='bbox 850 3627 998 3685; x_wconf 77' lang='lat' dir='ltr'>dicantur.</span> 
     </span>
    </p>
   </div>
   <div class='ocr_carea' id='block_1_6' title="bbox 337 3854 1107 3933">
    <p class='ocr_par' dir='ltr' id='par_1_14' title="bbox 337 3854 1107 3933">
     <span class='ocr_line' id='line_1_38' title="bbox 337 3854 1107 3933; baseline 0.004 -22"><span class='ocrx_word' id='word_1_145' title='bbox 337 3855 376 3911; x_wconf 85' lang='lat' dir='ltr'>Iu</span> <span class='ocrx_word' id='word_1_146' title='bbox 398 3854 523 3911; x_wconf 73' lang='lat' dir='ltr'>Ocmva</span> <span class='ocrx_word' id='word_1_147' title='bbox 543 3871 648 3911; x_wconf 77' lang='lat' dir='ltr'>nnana</span> <span class='ocrx_word' id='word_1_148' title='bbox 673 3855 797 3913; x_wconf 72' lang='lat' dir='ltr'>Maana.</span> <span class='ocrx_word' id='word_1_149' title='bbox 843 3855 895 3930; x_wconf 83' lang='lat' dir='ltr'>(xi.</span> <span class='ocrx_word' id='word_1_150' title='bbox 919 3856 989 3914; x_wconf 89' lang='lat' dir='ltr'>Kal.</span> <span class='ocrx_word' id='word_1_151' title='bbox 1013 3855 1107 3933; x_wconf 83' lang='lat' dir='ltr'>Sept)</span> 
     </span>
    </p>
   </div>
   <div class='ocr_carea' id='block_1_7' title="bbox 123 3986 1331 4548">
    <p class='ocr_par' dir='ltr' id='par_1_15' title="bbox 190 3986 565 4062">
     <span class='ocr_line' id='line_1_39' title="bbox 190 3986 565 4062; baseline -0.003 -17"><span class='ocrx_word' id='word_1_152' title='bbox 190 3988 326 4062; x_wconf 79' lang='lat' dir='ltr'>Officium.</span> <span class='ocrx_word' id='word_1_153' title='bbox 371 3986 565 4044; x_wconf 83' lang='lat' dir='ltr'>Gaudeamua</span> 
     </span>
    </p>

    <p class='ocr_par' dir='ltr' id='par_1_16' title="bbox 190 4069 296 4126">
     <span class='ocr_line' id='line_1_40' title="bbox 190 4069 296 4126; baseline 0 -1"><span class='ocrx_word' id='word_1_154' title='bbox 190 4069 296 4126; x_wconf 76' lang='lat' dir='ltr'>Oratio.</span> 
     </span>
    </p>

    <p class='ocr_par' dir='ltr' id='par_1_17' title="bbox 123 4147 1331 4369">
     <span class='ocr_line' id='line_1_41' title="bbox 184 4147 1331 4229; baseline 0.003 -23"><span class='ocrx_word' id='word_1_155' title='bbox 184 4149 376 4206; x_wconf 85' lang='lat' dir='ltr'>Famulorum</span> <span class='ocrx_word' id='word_1_156' title='bbox 399 4154 528 4219; x_wconf 88' lang='lat' dir='ltr'>tuorum,</span> <span class='ocrx_word' id='word_1_157' title='bbox 551 4168 726 4223; x_wconf 79' lang='lat' dir='ltr'>quaesumUS‚</span> <span class='ocrx_word' id='word_1_158' title='bbox 751 4148 887 4221; x_wconf 84' lang='lat' dir='ltr'>Domine,</span> <span class='ocrx_word' id='word_1_159' title='bbox 911 4147 1026 4206; x_wconf 85' lang='lat' dir='ltr'>delictis</span> <span class='ocrx_word' id='word_1_160' title='bbox 1048 4148 1184 4225; x_wconf 77' lang='lat' dir='ltr'>ignosce3</span> <span class='ocrx_word' id='word_1_161' title='bbox 1214 4156 1253 4209; x_wconf 87' lang='lat' dir='ltr'>ut</span> <span class='ocrx_word' id='word_1_162' title='bbox 1274 4152 1331 4229; x_wconf 88' lang='lat' dir='ltr'>qui</span> 
     </span>
     <span class='ocr_line' id='line_1_42' title="bbox 123 4229 1331 4306; baseline 0.002 -18"><span class='ocrx_word' id='word_1_163' title='bbox 123 4231 179 4289; x_wconf 88' lang='lat' dir='ltr'>tibi</span> <span class='ocrx_word' id='word_1_164' title='bbox 192 4231 306 4306; x_wconf 85' lang='lat' dir='ltr'>placere</span> <span class='ocrx_word' id='word_1_165' title='bbox 320 4229 356 4286; x_wconf 85' lang='lat' dir='ltr'>de</span> <span class='ocrx_word' id='word_1_166' title='bbox 369 4230 483 4285; x_wconf 88' lang='lat' dir='ltr'>actibus</span> <span class='ocrx_word' id='word_1_167' title='bbox 496 4230 604 4285; x_wconf 84' lang='lat' dir='ltr'>nostris</span> <span class='ocrx_word' id='word_1_168' title='bbox 624 4249 685 4285; x_wconf 90' lang='lat' dir='ltr'>non</span> <span class='ocrx_word' id='word_1_169' title='bbox 706 4229 847 4302; x_wconf 82' lang='lat' dir='ltr'>valemus,</span> <span class='ocrx_word' id='word_1_170' title='bbox 862 4230 1019 4306; x_wconf 75' lang='lat' dir='ltr'>genetricis</span> <span class='ocrx_word' id='word_1_171' title='bbox 1040 4229 1113 4287; x_wconf 86' lang='lat' dir='ltr'>Filii</span> <span class='ocrx_word' id='word_1_172' title='bbox 1133 4231 1182 4287; x_wconf 90' lang='lat' dir='ltr'>tui</span> <span class='ocrx_word' id='word_1_173' title='bbox 1201 4230 1331 4291; x_wconf 83' lang='lat' dir='ltr'>Domini</span> 
     </span>
     <span class='ocr_line' id='line_1_43' title="bbox 123 4310 713 4369; baseline -0.007 0"><span class='ocrx_word' id='word_1_174' title='bbox 123 4312 217 4369; x_wconf 84' lang='lat' dir='ltr'>nostri</span> <span class='ocrx_word' id='word_1_175' title='bbox 230 4311 438 4367; x_wconf 80' lang='lat' dir='ltr'>intercessione</span> <span class='ocrx_word' id='word_1_176' title='bbox 451 4310 605 4368; x_wconf 78' lang='lat' dir='ltr'>salvcmur.</span> <span class='ocrx_word' id='word_1_177' title='bbox 649 4310 713 4366; x_wconf 87' lang='lat' dir='ltr'>Per.</span> 
     </span>
    </p>

    <p class='ocr_par' dir='ltr' id='par_1_18' title="bbox 184 4389 1161 4467">
     <span class='ocr_line' id='line_1_44' title="bbox 184 4389 1161 4467; baseline 0.003 -20"><span class='ocrx_word' id='word_1_178' title='bbox 184 4393 328 4448; x_wconf 70' lang='lat' dir='ltr'>llenrcric</span> <span class='ocrx_word' id='word_1_179' title='bbox 341 4392 376 4449; x_wconf 82' lang='lat' dir='ltr'>dc</span> <span class='ocrx_word' id='word_1_180' title='bbox 389 4391 568 4465; x_wconf 70' lang='lat' dir='ltr'>rrmrtpribua</span> <span class='ocrx_word' id='word_1_181' title='bbox 584 4390 730 4448; x_wconf 69' lang='lat' dir='ltr'>Timotheo</span> <span class='ocrx_word' id='word_1_182' title='bbox 744 4400 770 4448; x_wconf 79' lang='lat' dir='ltr'>et</span> <span class='ocrx_word' id='word_1_183' title='bbox 782 4389 1006 4467; x_wconf 75' lang='lat' dir='ltr'>Symplcoriano.</span> <span class='ocrx_word' id='word_1_184' title='bbox 1050 4390 1161 4450; x_wconf 78' lang='lat' dir='ltr'>Oratio.</span> 
     </span>
    </p>

    <p class='ocr_par' dir='ltr' id='par_1_19' title="bbox 184 4471 1327 4548">
     <span class='ocr_line' id='line_1_45' title="bbox 184 4471 1327 4548; baseline 0.003 -19"><span class='ocrx_word' id='word_1_185' title='bbox 184 4472 343 4529; x_wconf 86' lang='lat' dir='ltr'>Auxilium</span> <span class='ocrx_word' id='word_1_186' title='bbox 356 4478 443 4529; x_wconf 83' lang='lat' dir='ltr'>tuum</span> <span class='ocrx_word' id='word_1_187' title='bbox 456 4473 550 4545; x_wconf 84' lang='lat' dir='ltr'>nobis,</span> <span class='ocrx_word' id='word_1_188' title='bbox 564 4473 700 4541; x_wconf 85' lang='lat' dir='ltr'>Domine,</span> <span class='ocrx_word' id='word_1_189' title='bbox 711 4471 843 4547; x_wconf 79' lang='lat' dir='ltr'>placatus</span> <span class='ocrx_word' id='word_1_190' title='bbox 857 4473 1011 4548; x_wconf 69' lang='lat' dir='ltr'>impende,</span> <span class='ocrx_word' id='word_1_191' title='bbox 1029 4478 1061 4530; x_wconf 89' lang='lat' dir='ltr'>et</span> <span class='ocrx_word' id='word_1_192' title='bbox 1073 4472 1327 4533; x_wconf 79' lang='lat' dir='ltr'>intercedentibuu</span> 
     </span>
    </p>
   </div>
   <div class='ocr_carea' id='block_1_8' title="bbox 0 0 1460 4904">
    <p class='ocr_par' dir='ltr' id='par_1_20' title="bbox 0 0 1460 4904">
     <span class='ocr_line' id='line_1_46' title="bbox 0 0 1460 4904; baseline 0 3"><span class='ocrx_word' id='word_1_193' title='bbox 0 0 1460 4904; x_wconf 95' lang='lat' dir='ltr'> </span> 
     </span>
    </p>
   </div>
  </div>
 </body>
</html>
