<?xml version="1.0" encoding="UTF-8"?>
<!DOCTYPE html PUBLIC "-//W3C//DTD XHTML 1.0 Transitional//EN"
    "http://www.w3.org/TR/xhtml1/DTD/xhtml1-transitional.dtd">
<html xmlns="http://www.w3.org/1999/xhtml" xml:lang="en" lang="en">
 <head>
  <title>
</title>
<meta http-equiv="Content-Type" content="text/html;charset=utf-8" />
  <meta name='ocr-system' content='tesseract 3.04.00' />
  <meta name='ocr-capabilities' content='ocr_page ocr_carea ocr_par ocr_line ocrx_word'/>
</head>
<body>
  <div class='ocr_page' id='page_1' title='image "./missaleadusumin01churgoog_0240.png"; bbox 0 0 2910 4904; ppageno 0'>
   <div class='ocr_carea' id='block_1_1' title="bbox 520 331 935 421">
    <p class='ocr_par' dir='ltr' id='par_1_1' title="bbox 520 331 935 421">
     <span class='ocr_line' id='line_1_1' title="bbox 520 331 935 421; baseline -0.005 -19"><span class='ocrx_word' id='word_1_1' title='bbox 520 331 705 421; x_wconf 75' lang='lat' dir='ltr'>Sequentioe</span> <span class='ocrx_word' id='word_1_2' title='bbox 727 333 935 400; x_wconf 72' lang='lat' dir='ltr'>Communes.</span> 
     </span>
    </p>
   </div>
   <div class='ocr_carea' id='block_1_2' title="bbox 474 501 899 820">
    <p class='ocr_par' dir='ltr' id='par_1_2' title="bbox 474 501 855 580">
     <span class='ocr_line' id='line_1_2' title="bbox 474 501 855 580; baseline -0.008 -19"><span class='ocrx_word' id='word_1_3' title='bbox 474 502 570 580; x_wconf 79' lang='lat' dir='ltr'>Virgo</span> <span class='ocrx_word' id='word_1_4' title='bbox 583 503 700 577; x_wconf 85' lang='lat' dir='ltr'>signum</span> <span class='ocrx_word' id='word_1_5' title='bbox 713 501 855 578; x_wconf 84' lang='lat' dir='ltr'>spiritale,</span> 
     </span>
    </p>

    <p class='ocr_par' dir='ltr' id='par_1_3' title="bbox 476 582 861 655">
     <span class='ocr_line' id='line_1_3' title="bbox 476 582 861 655; baseline -0.003 -14"><span class='ocrx_word' id='word_1_6' title='bbox 476 583 587 641; x_wconf 85' lang='lat' dir='ltr'>Mundi</span> <span class='ocrx_word' id='word_1_7' title='bbox 600 602 670 640; x_wconf 82' lang='lat' dir='ltr'>vera</span> <span class='ocrx_word' id='word_1_8' title='bbox 683 582 771 655; x_wconf 84' lang='lat' dir='ltr'>salue,</span> <span class='ocrx_word' id='word_1_9' title='bbox 787 582 861 655; x_wconf 83' lang='lat' dir='ltr'>vale,</span> 
     </span>
    </p>

    <p class='ocr_par' dir='ltr' id='par_1_4' title="bbox 476 663 899 820">
     <span class='ocr_line' id='line_1_4' title="bbox 476 663 899 739; baseline -0.002 -18"><span class='ocrx_word' id='word_1_10' title='bbox 476 664 563 721; x_wconf 88' lang='lat' dir='ltr'>Inter</span> <span class='ocrx_word' id='word_1_11' title='bbox 575 664 657 739; x_wconf 81' lang='lat' dir='ltr'>ligna</span> <span class='ocrx_word' id='word_1_12' title='bbox 670 663 787 720; x_wconf 91' lang='lat' dir='ltr'>nullum</span> <span class='ocrx_word' id='word_1_13' title='bbox 801 663 863 721; x_wconf 79' lang='lat' dir='ltr'>telo</span> <span class='ocrx_word' id='word_1_14' title='bbox 895 694 899 701; x_wconf 96' lang='lat'>·</span> 
     </span>
     <span class='ocr_line' id='line_1_5' title="bbox 516 744 888 820; baseline 0.003 -18"><span class='ocrx_word' id='word_1_15' title='bbox 516 745 640 812; x_wconf 84' lang='lat' dir='ltr'><strong>Fronde,</strong></span> <span class='ocrx_word' id='word_1_16' title='bbox 656 744 736 815; x_wconf 87' lang='lat' dir='ltr'>flore,</span> <span class='ocrx_word' id='word_1_17' title='bbox 750 745 888 820; x_wconf 85' lang='lat' dir='ltr'><strong>germine.</strong></span> 
     </span>
    </p>
   </div>
   <div class='ocr_carea' id='block_1_3' title="bbox 475 832 934 1134">
    <p class='ocr_par' dir='ltr' id='par_1_5' title="bbox 475 832 817 904">
     <span class='ocr_line' id='line_1_6' title="bbox 475 832 817 904; baseline 0 -14"><span class='ocrx_word' id='word_1_18' title='bbox 475 832 626 891; x_wconf 82' lang='lat' dir='ltr'>Medicina</span> <span class='ocrx_word' id='word_1_19' title='bbox 639 833 817 904; x_wconf 78' lang='lat' dir='ltr'>christiana,</span> 
     </span>
    </p>

    <p class='ocr_par' dir='ltr' id='par_1_6' title="bbox 476 913 873 990">
     <span class='ocr_line' id='line_1_7' title="bbox 476 913 873 990; baseline 0.003 -19"><span class='ocrx_word' id='word_1_20' title='bbox 476 913 564 971; x_wconf 80' lang='lat' dir='ltr'>Salva</span> <span class='ocrx_word' id='word_1_21' title='bbox 578 934 672 986; x_wconf 80' lang='lat' dir='ltr'>sanos,</span> <span class='ocrx_word' id='word_1_22' title='bbox 688 934 779 990; x_wconf 84' lang='lat' dir='ltr'>aegros</span> <span class='ocrx_word' id='word_1_23' title='bbox 793 934 873 987; x_wconf 76' lang='lat' dir='ltr'>sana,</span> 
     </span>
    </p>

    <p class='ocr_par' dir='ltr' id='par_1_7' title="bbox 476 994 934 1134">
     <span class='ocr_line' id='line_1_8' title="bbox 476 994 934 1065; baseline 0.004 -15"><span class='ocrx_word' id='word_1_24' title='bbox 476 994 562 1065; x_wconf 83' lang='lat' dir='ltr'>Quod</span> <span class='ocrx_word' id='word_1_25' title='bbox 576 1015 637 1053; x_wconf 91' lang='lat' dir='ltr'>non</span> <span class='ocrx_word' id='word_1_26' title='bbox 650 994 731 1052; x_wconf 79' lang='lat' dir='ltr'>valet</span> <span class='ocrx_word' id='word_1_27' title='bbox 745 995 790 1053; x_wconf 85' lang='lat' dir='ltr'>vis</span> <span class='ocrx_word' id='word_1_28' title='bbox 804 996 934 1054; x_wconf 79' lang='lat' dir='ltr'>humane</span> 
     </span>
     <span class='ocr_line' id='line_1_9' title="bbox 515 1076 823 1134; baseline 0.006 -2"><span class='ocrx_word' id='word_1_29' title='bbox 515 1076 568 1132; x_wconf 87' lang='lat' dir='ltr'>Fit</span> <span class='ocrx_word' id='word_1_30' title='bbox 581 1076 614 1133; x_wconf 88' lang='lat' dir='ltr'>iu</span> <span class='ocrx_word' id='word_1_31' title='bbox 627 1083 681 1134; x_wconf 91' lang='lat' dir='ltr'>tuo</span> <span class='ocrx_word' id='word_1_32' title='bbox 694 1077 823 1134; x_wconf 88' lang='lat' dir='ltr'>nomine.</span> 
     </span>
    </p>
   </div>
   <div class='ocr_carea' id='block_1_4' title="bbox 474 1166 933 1567">
    <p class='ocr_par' dir='ltr' id='par_1_8' title="bbox 474 1166 933 1567">
     <span class='ocr_line' id='line_1_10' title="bbox 475 1166 880 1240; baseline 0.002 -16"><span class='ocrx_word' id='word_1_33' title='bbox 475 1168 657 1224; x_wconf 87' lang='lat' dir='ltr'>Assistentes</span> <span class='ocrx_word' id='word_1_34' title='bbox 671 1167 775 1225; x_wconf 83' lang='lat' dir='ltr'>matris</span> <span class='ocrx_word' id='word_1_35' title='bbox 789 1166 880 1240; x_wconf 85' lang='lat' dir='ltr'>laudi,</span> 
     </span>
     <span class='ocr_line' id='line_1_11' title="bbox 475 1247 820 1323; baseline 0.003 -19"><span class='ocrx_word' id='word_1_36' title='bbox 475 1248 550 1305; x_wconf 80' lang='lat' dir='ltr'>Jesu</span> <span class='ocrx_word' id='word_1_37' title='bbox 563 1249 620 1323; x_wconf 86' lang='lat' dir='ltr'>pie,</span> <span class='ocrx_word' id='word_1_38' title='bbox 635 1267 690 1304; x_wconf 86' lang='lat' dir='ltr'>nos</span> <span class='ocrx_word' id='word_1_39' title='bbox 703 1247 820 1322; x_wconf 78' lang='lat' dir='ltr'>exaudi,</span> 
     </span>
     <span class='ocr_line' id='line_1_12' title="bbox 476 1329 884 1404; baseline 0.002 -19"><span class='ocrx_word' id='word_1_40' title='bbox 476 1329 581 1404; x_wconf 86' lang='lat' dir='ltr'>Atque</span> <span class='ocrx_word' id='word_1_41' title='bbox 595 1349 693 1386; x_wconf 87' lang='lat' dir='ltr'>servos</span> <span class='ocrx_word' id='word_1_42' title='bbox 707 1334 766 1386; x_wconf 88' lang='lat' dir='ltr'>tuae</span> <span class='ocrx_word' id='word_1_43' title='bbox 780 1329 884 1386; x_wconf 84' lang='lat' dir='ltr'>matris</span> 
     </span>
     <span class='ocr_line' id='line_1_13' title="bbox 474 1408 933 1468; baseline 0.007 -3"><span class='ocrx_word' id='word_1_44' title='bbox 474 1408 548 1466; x_wconf 88' lang='lat' dir='ltr'>Post</span> <span class='ocrx_word' id='word_1_45' title='bbox 561 1410 637 1466; x_wconf 85' lang='lat' dir='ltr'>hano</span> <span class='ocrx_word' id='word_1_46' title='bbox 650 1410 744 1466; x_wconf 85' lang='lat' dir='ltr'>vitam</span> <span class='ocrx_word' id='word_1_47' title='bbox 759 1410 819 1467; x_wconf 91' lang='lat' dir='ltr'>Dei</span> <span class='ocrx_word' id='word_1_48' title='bbox 832 1410 933 1468; x_wconf 84' lang='lat' dir='ltr'>Patris</span> 
     </span>
     <span class='ocr_line' id='line_1_14' title="bbox 514 1489 836 1567; baseline 0.009 -21"><span class='ocrx_word' id='word_1_49' title='bbox 514 1489 653 1547; x_wconf 78' lang='lat' dir='ltr'>Transfer</span> <span class='ocrx_word' id='word_1_50' title='bbox 667 1490 705 1547; x_wconf 81' lang='lat' dir='ltr'>ad</span> <span class='ocrx_word' id='word_1_51' title='bbox 718 1490 836 1567; x_wconf 69' lang='lat' dir='ltr'>palatin</span> 
     </span>
    </p>
   </div>
   <div class='ocr_carea' id='block_1_5' title="bbox 473 1582 911 1983">
    <p class='ocr_par' dir='ltr' id='par_1_9' title="bbox 473 1582 911 1983">
     <span class='ocr_line' id='line_1_15' title="bbox 474 1582 896 1659; baseline 0.005 -21"><span class='ocrx_word' id='word_1_52' title='bbox 474 1582 515 1638; x_wconf 82' lang='lat' dir='ltr'>Et</span> <span class='ocrx_word' id='word_1_53' title='bbox 529 1602 602 1659; x_wconf 87' lang='lat' dir='ltr'>quos</span> <span class='ocrx_word' id='word_1_54' title='bbox 616 1584 706 1639; x_wconf 84' lang='lat' dir='ltr'>matri</span> <span class='ocrx_word' id='word_1_55' title='bbox 720 1583 764 1639; x_wconf 90' lang='lat' dir='ltr'>vis</span> <span class='ocrx_word' id='word_1_56' title='bbox 778 1583 896 1656; x_wconf 87' lang='lat' dir='ltr'>servire,</span> 
     </span>
     <span class='ocr_line' id='line_1_16' title="bbox 474 1663 911 1737; baseline 0.002 -17"><span class='ocrx_word' id='word_1_57' title='bbox 474 1663 533 1721; x_wconf 79' lang='lat' dir='ltr'>Fac</span> <span class='ocrx_word' id='word_1_58' title='bbox 548 1670 696 1721; x_wconf 82' lang='lat' dir='ltr'>tormenta</span> <span class='ocrx_word' id='word_1_59' title='bbox 710 1683 770 1721; x_wconf 91' lang='lat' dir='ltr'>non</span> <span class='ocrx_word' id='word_1_60' title='bbox 783 1665 911 1737; x_wconf 83' lang='lat' dir='ltr'>sentire3</span> 
     </span>
     <span class='ocr_line' id='line_1_17' title="bbox 474 1744 835 1816; baseline 0 -15"><span class='ocrx_word' id='word_1_61' title='bbox 474 1744 532 1801; x_wconf 85' lang='lat' dir='ltr'>Sed</span> <span class='ocrx_word' id='word_1_62' title='bbox 547 1765 614 1802; x_wconf 89' lang='lat' dir='ltr'>oum</span> <span class='ocrx_word' id='word_1_63' title='bbox 628 1745 689 1802; x_wconf 84' lang='lat' dir='ltr'>dies</span> <span class='ocrx_word' id='word_1_64' title='bbox 703 1745 761 1801; x_wconf 87' lang='lat' dir='ltr'>erit</span> <span class='ocrx_word' id='word_1_65' title='bbox 774 1744 835 1816; x_wconf 74' lang='lat' dir='ltr'>irae,</span> 
     </span>
     <span class='ocr_line' id='line_1_18' title="bbox 473 1824 852 1901; baseline 0.005 -20"><span class='ocrx_word' id='word_1_66' title='bbox 473 1824 570 1899; x_wconf 70' lang='lat' dir='ltr'>Nobis</span> <span class='ocrx_word' id='word_1_67' title='bbox 585 1827 686 1882; x_wconf 80' lang='lat' dir='ltr'>confer</span> <span class='ocrx_word' id='word_1_68' title='bbox 700 1832 730 1882; x_wconf 91' lang='lat' dir='ltr'>et</span> <span class='ocrx_word' id='word_1_69' title='bbox 743 1825 852 1901; x_wconf 84' lang='lat' dir='ltr'>largire</span> 
     </span>
     <span class='ocr_line' id='line_1_19' title="bbox 515 1905 843 1983; baseline 0.006 -20"><span class='ocrx_word' id='word_1_70' title='bbox 515 1905 700 1982; x_wconf 83' lang='lat' dir='ltr'>Sempiterna</span> <span class='ocrx_word' id='word_1_71' title='bbox 714 1907 843 1983; x_wconf 80' lang='lat' dir='ltr'>praemia.</span> 
     </span>
    </p>
   </div>
   <div class='ocr_carea' id='block_1_6' title="bbox 127 2036 1331 2278">
    <p class='ocr_par' dir='ltr' id='par_1_10' title="bbox 127 2036 1331 2278">
     <span class='ocr_line' id='line_1_20' title="bbox 186 2036 1329 2114; baseline -0.003 -15"><span class='ocrx_word' id='word_1_72' title='bbox 186 2040 229 2099; x_wconf 75' lang='lat' dir='ltr'>In</span> <span class='ocrx_word' id='word_1_73' title='bbox 250 2039 513 2099; x_wconf 67' lang='lat' dir='ltr'>commoratione</span> <span class='ocrx_word' id='word_1_74' title='bbox 537 2040 632 2097; x_wconf 73' lang='lat' dir='ltr'>solerti</span> <span class='ocrx_word' id='word_1_75' title='bbox 661 2040 794 2099; x_wconf 78' lang='lat' dir='ltr'>Willetmt</span> <span class='ocrx_word' id='word_1_76' title='bbox 817 2041 963 2099; x_wconf 77' lang='lat' dir='ltr'>dieantur</span> <span class='ocrx_word' id='word_1_77' title='bbox 984 2040 1047 2097; x_wconf 75' lang='lat' dir='ltr'>istae</span> <span class='ocrx_word' id='word_1_78' title='bbox 1074 2039 1141 2096; x_wconf 79' lang='lat' dir='ltr'>duoe</span> <span class='ocrx_word' id='word_1_79' title='bbox 1168 2036 1329 2114; x_wconf 74' lang='lat' dir='ltr'>Sequentioe</span> 
     </span>
     <span class='ocr_line' id='line_1_21' title="bbox 127 2118 1331 2262; baseline -0.002 -84"><span class='ocrx_word' id='word_1_80' title='bbox 127 2121 315 2262; x_wconf 38' lang='lat' dir='ltr'>&amp;criminer</span> <span class='ocrx_word' id='word_1_81' title='bbox 325 2120 483 2260; x_wconf 54' lang='lat' dir='ltr'>dSeoZpitate</span> <span class='ocrx_word' id='word_1_82' title='bbox 504 2121 620 2178; x_wconf 83' lang='lat' dir='ltr'><strong>morbos</strong></span> <span class='ocrx_word' id='word_1_83' title='bbox 633 2130 659 2178; x_wconf 81' lang='lat' dir='ltr'>et</span> <span class='ocrx_word' id='word_1_84' title='bbox 672 2122 755 2179; x_wconf 86' lang='lat' dir='ltr'>Voto</span> <span class='ocrx_word' id='word_1_85' title='bbox 771 2142 852 2196; x_wconf 83' lang='lat' dir='ltr'>voce,</span> <span class='ocrx_word' id='word_1_86' title='bbox 867 2122 981 2197; x_wconf 79' lang='lat' dir='ltr'>require</span> <span class='ocrx_word' id='word_1_87' title='bbox 994 2121 1048 2180; x_wconf 76' lang='lat' dir='ltr'>lure</span> <span class='ocrx_word' id='word_1_88' title='bbox 1060 2119 1232 2196; x_wconf 78' lang='lat' dir='ltr'>Sequentior</span> <span class='ocrx_word' id='word_1_89' title='bbox 1245 2118 1331 2194; x_wconf 79' lang='lat' dir='ltr'>infra</span> 
     </span>
     <span class='ocr_line' id='line_1_22' title="bbox 265 2223 398 2278; baseline -0.008 -17"><span class='ocrx_word' id='word_1_90' title='bbox 265 2223 326 2278; x_wconf 60' lang='lat' dir='ltr'>eur</span> <span class='ocrx_word' id='word_1_91' title='bbox 391 2245 398 2260; x_wconf 91' lang='lat'><strong>.</strong></span> 
     </span>
    </p>
   </div>
   <div class='ocr_carea' id='block_1_7' title="bbox 125 2296 1327 2537">
    <p class='ocr_par' dir='ltr' id='par_1_11' title="bbox 125 2296 1327 2537">
     <span class='ocr_line' id='line_1_23' title="bbox 185 2296 1327 2374; baseline -0.003 -18"><span class='ocrx_word' id='word_1_92' title='bbox 185 2298 228 2357; x_wconf 77' lang='lat' dir='ltr'>In</span> <span class='ocrx_word' id='word_1_93' title='bbox 249 2298 512 2358; x_wconf 75' lang='lat' dir='ltr'>commmoratiooe</span> <span class='ocrx_word' id='word_1_94' title='bbox 536 2299 731 2374; x_wconf 78' lang='lat' dir='ltr'>apostolorum</span> <span class='ocrx_word' id='word_1_95' title='bbox 751 2300 834 2357; x_wconf 81' lang='lat' dir='ltr'>Petri</span> <span class='ocrx_word' id='word_1_96' title='bbox 854 2309 880 2356; x_wconf 85' lang='lat' dir='ltr'>et</span> <span class='ocrx_word' id='word_1_97' title='bbox 904 2299 998 2357; x_wconf 68' lang='lat' dir='ltr'>Paeti</span> <span class='ocrx_word' id='word_1_98' title='bbox 1017 2298 1158 2356; x_wconf 78' lang='lat' dir='ltr'>dicontur</span> <span class='ocrx_word' id='word_1_99' title='bbox 1177 2298 1240 2354; x_wconf 75' lang='lat' dir='ltr'>tetre</span> <span class='ocrx_word' id='word_1_100' title='bbox 1260 2296 1327 2354; x_wconf 80' lang='lat' dir='ltr'>duae</span> 
     </span>
     <span class='ocr_line' id='line_1_24' title="bbox 125 2377 1325 2457; baseline -0.006 -17"><span class='ocrx_word' id='word_1_101' title='bbox 125 2380 285 2457; x_wconf 67' lang='lat' dir='ltr'>Sequente</span> <span class='ocrx_word' id='word_1_102' title='bbox 298 2381 465 2439; x_wconf 76' lang='lat' dir='ltr'>oltemotim</span> <span class='ocrx_word' id='word_1_103' title='bbox 474 2404 483 2439; x_wconf 94' lang='lat'><em>:</em></span> <span class='ocrx_word' id='word_1_104' title='bbox 505 2380 544 2436; x_wconf 91' lang='lat' dir='ltr'>In</span> <span class='ocrx_word' id='word_1_105' title='bbox 557 2380 693 2437; x_wconf 82' lang='lat' dir='ltr'><strong>sollemni</strong></span> <span class='ocrx_word' id='word_1_106' title='bbox 706 2381 865 2453; x_wconf 75' lang='lat' dir='ltr'>memoria5</span> <span class='ocrx_word' id='word_1_107' title='bbox 885 2381 948 2438; x_wconf 78' lang='lat' dir='ltr'>olio</span> <span class='ocrx_word' id='word_1_108' title='bbox 960 2379 1126 2455; x_wconf 78' lang='lat' dir='ltr'>Sequentia,</span> <span class='ocrx_word' id='word_1_109' title='bbox 1139 2377 1208 2435; x_wconf 86' lang='lat' dir='ltr'>Hac</span> <span class='ocrx_word' id='word_1_110' title='bbox 1222 2377 1254 2433; x_wconf 93' lang='lat' dir='ltr'>in</span> <span class='ocrx_word' id='word_1_111' title='bbox 1269 2377 1325 2449; x_wconf 85' lang='lat' dir='ltr'>die,</span> 
     </span>
     <span class='ocr_line' id='line_1_25' title="bbox 125 2459 676 2537; baseline 0 -17"><span class='ocrx_word' id='word_1_112' title='bbox 125 2462 238 2536; x_wconf 77' lang='lat' dir='ltr'>require</span> <span class='ocrx_word' id='word_1_113' title='bbox 252 2463 286 2518; x_wconf 80' lang='lat' dir='ltr'>in</span> <span class='ocrx_word' id='word_1_114' title='bbox 298 2459 461 2537; x_wconf 75' lang='lat' dir='ltr'>Sequerttiis</span> <span class='ocrx_word' id='word_1_115' title='bbox 474 2461 676 2537; x_wconf 81' lang='lat' dir='ltr'>apostolorum.</span> 
     </span>
    </p>
   </div>
   <div class='ocr_carea' id='block_1_8' title="bbox 126 2554 1325 2718">
    <p class='ocr_par' dir='ltr' id='par_1_12' title="bbox 126 2554 1325 2718">
     <span class='ocr_line' id='line_1_26' title="bbox 186 2554 1325 2637; baseline -0.003 -23"><span class='ocrx_word' id='word_1_116' title='bbox 186 2554 239 2637; x_wconf 80' lang='lat' dir='ltr'>[In</span> <span class='ocrx_word' id='word_1_117' title='bbox 252 2556 348 2615; x_wconf 76' lang='lat' dir='ltr'>Misso</span> <span class='ocrx_word' id='word_1_118' title='bbox 365 2557 561 2634; x_wconf 79' lang='lat' dir='ltr'>Sponsolium.</span> <span class='ocrx_word' id='word_1_119' title='bbox 604 2556 768 2632; x_wconf 75' lang='lat' dir='ltr'>Sequentia,</span> <span class='ocrx_word' id='word_1_120' title='bbox 790 2557 883 2615; x_wconf 82' lang='lat' dir='ltr'>Alma</span> <span class='ocrx_word' id='word_1_121' title='bbox 902 2556 1009 2615; x_wconf 83' lang='lat' dir='ltr'>chorus</span> <span class='ocrx_word' id='word_1_122' title='bbox 1029 2555 1161 2628; x_wconf 88' lang='lat' dir='ltr'>Domini,</span> <span class='ocrx_word' id='word_1_123' title='bbox 1178 2575 1273 2631; x_wconf 77' lang='lat' dir='ltr'>quere</span> <span class='ocrx_word' id='word_1_124' title='bbox 1291 2555 1325 2611; x_wconf 81' lang='lat' dir='ltr'>in</span> 
     </span>
     <span class='ocr_line' id='line_1_27' title="bbox 126 2635 1285 2718; baseline -0.006 -20"><span class='ocrx_word' id='word_1_125' title='bbox 126 2640 254 2698; x_wconf 74' lang='lat' dir='ltr'>secundo</span> <span class='ocrx_word' id='word_1_126' title='bbox 266 2638 357 2697; x_wconf 62' lang='lat' dir='ltr'>Ferro</span> <span class='ocrx_word' id='word_1_127' title='bbox 369 2638 660 2698; x_wconf 61' lang='lat' dir='ltr'>Pammenes—MS.</span> <span class='ocrx_word' id='word_1_128' title='bbox 678 2635 725 2718; x_wconf 78' lang='grc'>0.]</span> <span class='ocrx_word' id='word_1_129' title='bbox 1282 2653 1285 2657; x_wconf 94' lang='grc'><strong><em>·</em></strong></span> 
     </span>
    </p>
   </div>
   <div class='ocr_carea' id='block_1_9' title="bbox 185 2734 1031 2811">
    <p class='ocr_par' dir='ltr' id='par_1_13' title="bbox 185 2734 1031 2811">
     <span class='ocr_line' id='line_1_28' title="bbox 185 2734 1031 2811; baseline -0.004 -15"><span class='ocrx_word' id='word_1_130' title='bbox 185 2735 290 2796; x_wconf 79' lang='lat' dir='ltr'>Swncti</span> <span class='ocrx_word' id='word_1_131' title='bbox 302 2735 451 2795; x_wconf 68' lang='lat' dir='ltr'>Jotannts</span> <span class='ocrx_word' id='word_1_132' title='bbox 464 2744 531 2793; x_wconf 80' lang='lat' dir='ltr'>ante</span> <span class='ocrx_word' id='word_1_133' title='bbox 539 2744 660 2811; x_wconf 79' lang='lat' dir='ltr'>portam</span> <span class='ocrx_word' id='word_1_134' title='bbox 673 2735 823 2792; x_wconf 79' lang='lat' dir='ltr'>Latinum.</span> <span class='ocrx_word' id='word_1_135' title='bbox 865 2734 1031 2811; x_wconf 74' lang='lat' dir='ltr'>Sequentia.</span> 
     </span>
    </p>
   </div>
   <div class='ocr_carea' id='block_1_10' title="bbox 325 2841 1182 4518">
    <p class='ocr_par' dir='ltr' id='par_1_14' title="bbox 327 2841 1014 2918">
     <span class='ocr_line' id='line_1_29' title="bbox 327 2841 1014 2918; baseline -0.001 -18"><span class='ocrx_word' id='word_1_136' title='bbox 327 2842 424 2918; x_wconf 87' lang='lat' dir='ltr'>Virgo</span> <span class='ocrx_word' id='word_1_137' title='bbox 436 2849 532 2899; x_wconf 84' lang='lat' dir='ltr'>mater</span> <span class='ocrx_word' id='word_1_138' title='bbox 545 2842 711 2918; x_wconf 73' lang='lat' dir='ltr'>gratuletur</span> <span class='ocrx_word' id='word_1_139' title='bbox 724 2841 756 2898; x_wconf 91' lang='lat' dir='ltr'>in</span> <span class='ocrx_word' id='word_1_140' title='bbox 770 2841 840 2899; x_wconf 87' lang='lat' dir='ltr'>orbe</span> <span class='ocrx_word' id='word_1_141' title='bbox 855 2841 1014 2915; x_wconf 72' lang='lat' dir='ltr'>Catholicis,</span> 
     </span>
    </p>

    <p class='ocr_par' dir='ltr' id='par_1_15' title="bbox 327 2922 1134 3080">
     <span class='ocr_line' id='line_1_30' title="bbox 327 2922 1134 3000; baseline -0.002 -18"><span class='ocrx_word' id='word_1_142' title='bbox 327 2924 404 2999; x_wconf 84' lang='lat' dir='ltr'>Regi</span> <span class='ocrx_word' id='word_1_143' title='bbox 417 2942 519 3000; x_wconf 85' lang='lat' dir='ltr'>regum</span> <span class='ocrx_word' id='word_1_144' title='bbox 533 2929 644 2999; x_wconf 83' lang='lat' dir='ltr'>pangat</span> <span class='ocrx_word' id='word_1_145' title='bbox 658 2923 748 2980; x_wconf 88' lang='lat' dir='ltr'>melos</span> <span class='ocrx_word' id='word_1_146' title='bbox 761 2942 839 2980; x_wconf 84' lang='lat' dir='ltr'>nova</span> <span class='ocrx_word' id='word_1_147' title='bbox 851 2942 989 2999; x_wconf 85' lang='lat' dir='ltr'>promens</span> <span class='ocrx_word' id='word_1_148' title='bbox 1002 2922 1134 2980; x_wconf 76' lang='lat' dir='ltr'>centies:</span> 
     </span>
     <span class='ocr_line' id='line_1_31' title="bbox 410 3003 704 3080; baseline 0.003 -20"><span class='ocrx_word' id='word_1_149' title='bbox 410 3003 488 3060; x_wconf 76' lang='lat' dir='ltr'>Laus</span> <span class='ocrx_word' id='word_1_150' title='bbox 502 3003 548 3060; x_wconf 91' lang='lat' dir='ltr'>illi</span> <span class='ocrx_word' id='word_1_151' title='bbox 561 3010 591 3061; x_wconf 87' lang='lat' dir='ltr'>et</span> <span class='ocrx_word' id='word_1_152' title='bbox 604 3004 704 3080; x_wconf 84' lang='lat' dir='ltr'>gloria.</span> 
     </span>
    </p>

    <p class='ocr_par' dir='ltr' id='par_1_16' title="bbox 325 3084 1032 3161">
     <span class='ocr_line' id='line_1_32' title="bbox 325 3084 1032 3161; baseline 0 -19"><span class='ocrx_word' id='word_1_153' title='bbox 325 3085 347 3142; x_wconf 82' lang='lat' dir='ltr'><strong>J</strong></span> <span class='ocrx_word' id='word_1_154' title='bbox 349 3084 473 3142; x_wconf 80' lang='lat' dir='ltr'>ohannis</span> <span class='ocrx_word' id='word_1_155' title='bbox 488 3084 685 3161; x_wconf 84' lang='lat' dir='ltr'>Evangelistae</span> <span class='ocrx_word' id='word_1_156' title='bbox 699 3084 836 3160; x_wconf 84' lang='lat' dir='ltr'>praeoelsa</span> <span class='ocrx_word' id='word_1_157' title='bbox 850 3084 1032 3142; x_wconf 80' lang='lat' dir='ltr'>sollemnitas</span> 
     </span>
    </p>

    <p class='ocr_par' dir='ltr' id='par_1_17' title="bbox 328 3165 1110 3322">
     <span class='ocr_line' id='line_1_33' title="bbox 328 3165 1110 3242; baseline 0.003 -20"><span class='ocrx_word' id='word_1_158' title='bbox 328 3165 428 3223; x_wconf 83' lang='lat' dir='ltr'>Hodie</span> <span class='ocrx_word' id='word_1_159' title='bbox 442 3185 494 3242; x_wconf 88' lang='lat' dir='ltr'>per</span> <span class='ocrx_word' id='word_1_160' title='bbox 508 3171 604 3222; x_wconf 89' lang='lat' dir='ltr'>totum</span> <span class='ocrx_word' id='word_1_161' title='bbox 619 3166 764 3221; x_wconf 89' lang='lat' dir='ltr'>mundum</span> <span class='ocrx_word' id='word_1_162' title='bbox 777 3165 879 3223; x_wconf 83' lang='lat' dir='ltr'>laudes</span> <span class='ocrx_word' id='word_1_163' title='bbox 892 3165 982 3224; x_wconf 86' lang='lat' dir='ltr'>habet</span> <span class='ocrx_word' id='word_1_164' title='bbox 995 3167 1110 3224; x_wconf 78' lang='lat' dir='ltr'>debitas</span> 
     </span>
     <span class='ocr_line' id='line_1_34' title="bbox 410 3246 763 3322; baseline -0.003 -19"><span class='ocrx_word' id='word_1_165' title='bbox 410 3246 451 3303; x_wconf 86' lang='lat' dir='ltr'>Et</span> <span class='ocrx_word' id='word_1_166' title='bbox 464 3246 585 3303; x_wconf 85' lang='lat' dir='ltr'>luudum</span> <span class='ocrx_word' id='word_1_167' title='bbox 598 3247 763 3322; x_wconf 75' lang='lat' dir='ltr'>praeconia3</span> 
     </span>
    </p>

    <p class='ocr_par' dir='ltr' id='par_1_18' title="bbox 329 3326 1083 3404">
     <span class='ocr_line' id='line_1_35' title="bbox 329 3326 1083 3404; baseline 0.004 -22"><span class='ocrx_word' id='word_1_168' title='bbox 329 3326 389 3396; x_wconf 80' lang='lat' dir='ltr'>Qui</span> <span class='ocrx_word' id='word_1_169' title='bbox 401 3334 525 3385; x_wconf 74' lang='lat' dir='ltr'>vocatus</span> <span class='ocrx_word' id='word_1_170' title='bbox 538 3333 652 3404; x_wconf 86' lang='lat' dir='ltr'>patrem</span> <span class='ocrx_word' id='word_1_171' title='bbox 665 3329 778 3403; x_wconf 89' lang='lat' dir='ltr'>sprevit</span> <span class='ocrx_word' id='word_1_172' title='bbox 792 3332 822 3384; x_wconf 91' lang='lat' dir='ltr'>et</span> <span class='ocrx_word' id='word_1_173' title='bbox 835 3347 942 3385; x_wconf 87' lang='lat' dir='ltr'>navem</span> <span class='ocrx_word' id='word_1_174' title='bbox 956 3332 987 3385; x_wconf 91' lang='lat' dir='ltr'>et</span> <span class='ocrx_word' id='word_1_175' title='bbox 1000 3328 1083 3398; x_wconf 78' lang='lat' dir='ltr'>retia,</span> 
     </span>
    </p>

    <p class='ocr_par' dir='ltr' id='par_1_19' title="bbox 329 3406 1182 3565">
     <span class='ocr_line' id='line_1_36' title="bbox 329 3406 1182 3485; baseline 0.001 -20"><span class='ocrx_word' id='word_1_176' title='bbox 329 3406 535 3484; x_wconf 86' lang='lat' dir='ltr'>Redemptoris</span> <span class='ocrx_word' id='word_1_177' title='bbox 549 3428 650 3466; x_wconf 90' lang='lat' dir='ltr'>vocem</span> <span class='ocrx_word' id='word_1_178' title='bbox 664 3427 787 3484; x_wconf 87' lang='lat' dir='ltr'>sequens</span> <span class='ocrx_word' id='word_1_179' title='bbox 801 3413 832 3465; x_wconf 90' lang='lat' dir='ltr'>et</span> <span class='ocrx_word' id='word_1_180' title='bbox 844 3415 912 3485; x_wconf 88' lang='lat' dir='ltr'>post</span> <span class='ocrx_word' id='word_1_181' title='bbox 923 3428 1026 3466; x_wconf 88' lang='lat' dir='ltr'>vooem</span> <span class='ocrx_word' id='word_1_182' title='bbox 1038 3409 1163 3485; x_wconf 82' lang='lat' dir='ltr'>vestigia</span> <span class='ocrx_word' id='word_1_183' title='bbox 1174 3427 1182 3478; x_wconf 87' lang='lat'>;</span> 
     </span>
     <span class='ocr_line' id='line_1_37' title="bbox 410 3488 690 3565; baseline -0.004 -19"><span class='ocrx_word' id='word_1_184' title='bbox 410 3488 436 3546; x_wconf 93' lang='grc' dir='ltr'><strong>Ο</strong></span> <span class='ocrx_word' id='word_1_185' title='bbox 451 3495 563 3565; x_wconf 80' lang='lat' dir='ltr'>quante</span> <span class='ocrx_word' id='word_1_186' title='bbox 576 3489 690 3546; x_wconf 83' lang='lat' dir='ltr'>fiducia.</span> 
     </span>
    </p>

    <p class='ocr_par' dir='ltr' id='par_1_20' title="bbox 328 3569 1035 3644">
     <span class='ocr_line' id='line_1_38' title="bbox 328 3569 1035 3644; baseline 0.001 -18"><span class='ocrx_word' id='word_1_187' title='bbox 328 3569 367 3626; x_wconf 88' lang='lat' dir='ltr'>In</span> <span class='ocrx_word' id='word_1_188' title='bbox 380 3576 481 3626; x_wconf 87' lang='lat' dir='ltr'>monte</span> <span class='ocrx_word' id='word_1_189' title='bbox 494 3571 696 3644; x_wconf 81' lang='lat' dir='ltr'>transfigurati</span> <span class='ocrx_word' id='word_1_190' title='bbox 710 3569 787 3627; x_wconf 84' lang='lat' dir='ltr'>vidit</span> <span class='ocrx_word' id='word_1_191' title='bbox 800 3569 966 3644; x_wconf 76' lang='lat' dir='ltr'>mirabilis;</span> <span class='ocrx_word' id='word_1_192' title='bbox 1032 3623 1035 3632; x_wconf 91' lang='grc'>,</span> 
     </span>
    </p>

    <p class='ocr_par' dir='ltr' id='par_1_21' title="bbox 329 3649 916 3808">
     <span class='ocr_line' id='line_1_39' title="bbox 329 3649 916 3725; baseline 0.002 -19"><span class='ocrx_word' id='word_1_193' title='bbox 329 3651 367 3725; x_wconf 89' lang='lat' dir='ltr'>In</span> <span class='ocrx_word' id='word_1_194' title='bbox 380 3670 452 3708; x_wconf 83' lang='lat' dir='ltr'>cena</span> <span class='ocrx_word' id='word_1_195' title='bbox 465 3657 576 3707; x_wconf 79' lang='lat' dir='ltr'>secreta</span> <span class='ocrx_word' id='word_1_196' title='bbox 589 3651 647 3707; x_wconf 90' lang='lat' dir='ltr'>Dei</span> <span class='ocrx_word' id='word_1_197' title='bbox 660 3651 747 3708; x_wconf 85' lang='lat' dir='ltr'>discit</span> <span class='ocrx_word' id='word_1_198' title='bbox 760 3649 916 3723; x_wconf 78' lang='lat' dir='ltr'>sublimio3</span> 
     </span>
     <span class='ocr_line' id='line_1_40' title="bbox 410 3731 732 3808; baseline 0 -19"><span class='ocrx_word' id='word_1_199' title='bbox 410 3731 436 3789; x_wconf 93' lang='grc' dir='ltr'>Ο</span> <span class='ocrx_word' id='word_1_200' title='bbox 452 3737 564 3808; x_wconf 77' lang='lat' dir='ltr'>quanta</span> <span class='ocrx_word' id='word_1_201' title='bbox 578 3732 732 3807; x_wconf 81' lang='lat' dir='ltr'>magnalia.</span> 
     </span>
    </p>

    <p class='ocr_par' dir='ltr' id='par_1_22' title="bbox 328 3811 1120 4052">
     <span class='ocr_line' id='line_1_41' title="bbox 329 3811 1065 3888; baseline 0 -19"><span class='ocrx_word' id='word_1_202' title='bbox 329 3812 368 3869; x_wconf 92' lang='lat' dir='ltr'>In</span> <span class='ocrx_word' id='word_1_203' title='bbox 381 3831 466 3869; x_wconf 86' lang='lat' dir='ltr'>eruce</span> <span class='ocrx_word' id='word_1_204' title='bbox 479 3813 552 3868; x_wconf 85' lang='lat' dir='ltr'>dum</span> <span class='ocrx_word' id='word_1_205' title='bbox 564 3819 716 3888; x_wconf 87' lang='lat' dir='ltr'>pateretur</span> <span class='ocrx_word' id='word_1_206' title='bbox 728 3833 783 3869; x_wconf 89' lang='lat' dir='ltr'>rex</span> <span class='ocrx_word' id='word_1_207' title='bbox 796 3811 900 3869; x_wconf 85' lang='lat' dir='ltr'>mortis</span> <span class='ocrx_word' id='word_1_208' title='bbox 913 3811 1065 3888; x_wconf 80' lang='lat' dir='ltr'>supplicia,</span> 
     </span>
     <span class='ocr_line' id='line_1_42' title="bbox 328 3892 1120 3970; baseline 0.003 -20"><span class='ocrx_word' id='word_1_209' title='bbox 328 3892 485 3970; x_wconf 83' lang='lat' dir='ltr'>Virginem</span> <span class='ocrx_word' id='word_1_210' title='bbox 500 3893 583 3968; x_wconf 82' lang='lat' dir='ltr'>virgo</span> <span class='ocrx_word' id='word_1_211' title='bbox 597 3893 770 3950; x_wconf 80' lang='lat' dir='ltr'>servandam</span> <span class='ocrx_word' id='word_1_212' title='bbox 784 3893 910 3970; x_wconf 82' lang='lat' dir='ltr'>sumpsit</span> <span class='ocrx_word' id='word_1_213' title='bbox 923 3893 956 3951; x_wconf 90' lang='lat' dir='ltr'>in</span> <span class='ocrx_word' id='word_1_214' title='bbox 969 3893 1103 3952; x_wconf 77' lang='lat' dir='ltr'>custodia</span> <span class='ocrx_word' id='word_1_215' title='bbox 1110 3913 1120 3966; x_wconf 79' lang='lat'>3</span> 
     </span>
     <span class='ocr_line' id='line_1_43' title="bbox 410 3973 1040 4052; baseline -0.002 -21"><span class='ocrx_word' id='word_1_216' title='bbox 410 3973 436 4031; x_wconf 93' lang='lat' dir='ltr'>O</span> <span class='ocrx_word' id='word_1_217' title='bbox 451 3981 564 4050; x_wconf 79' lang='lat' dir='ltr'>quanta</span> <span class='ocrx_word' id='word_1_218' title='bbox 577 3974 726 4050; x_wconf 84' lang='lat' dir='ltr'>pudicitia.</span> <span class='ocrx_word' id='word_1_219' title='bbox 1037 4046 1040 4052; x_wconf 31' lang='grc' dir='ltr'>Ι</span> 
     </span>
    </p>

    <p class='ocr_par' dir='ltr' id='par_1_23' title="bbox 329 4054 1149 4518">
     <span class='ocr_line' id='line_1_44' title="bbox 329 4054 1069 4131; baseline 0.003 -19"><span class='ocrx_word' id='word_1_220' title='bbox 329 4054 402 4113; x_wconf 85' lang='lat' dir='ltr'>Post</span> <span class='ocrx_word' id='word_1_221' title='bbox 414 4055 643 4131; x_wconf 75' lang='lat' dir='ltr'>assumptionem</span> <span class='ocrx_word' id='word_1_222' title='bbox 658 4056 721 4130; x_wconf 85' lang='lat' dir='ltr'>ejus</span> <span class='ocrx_word' id='word_1_223' title='bbox 734 4055 771 4112; x_wconf 83' lang='lat' dir='ltr'>ud</span> <span class='ocrx_word' id='word_1_224' title='bbox 785 4074 943 4131; x_wconf 81' lang='lat' dir='ltr'>supernam</span> <span class='ocrx_word' id='word_1_225' title='bbox 956 4055 1069 4114; x_wconf 82' lang='lat' dir='ltr'>curiam</span> 
     </span>
     <span class='ocr_line' id='line_1_45' title="bbox 330 4135 964 4211; baseline 0.003 -19"><span class='ocrx_word' id='word_1_226' title='bbox 330 4135 441 4192; x_wconf 80' lang='lat' dir='ltr'>Beatus</span> <span class='ocrx_word' id='word_1_227' title='bbox 454 4135 636 4211; x_wconf 77' lang='lat' dir='ltr'>evangeliste</span> <span class='ocrx_word' id='word_1_228' title='bbox 649 4136 783 4193; x_wconf 73' lang='lat' dir='ltr'>mittitur</span> <span class='ocrx_word' id='word_1_229' title='bbox 796 4136 834 4193; x_wconf 80' lang='lat' dir='ltr'>nd</span> <span class='ocrx_word' id='word_1_230' title='bbox 847 4136 964 4210; x_wconf 74' lang='lat' dir='ltr'>Asiam,</span> 
     </span>
     <span class='ocr_line' id='line_1_46' title="bbox 410 4216 738 4292; baseline 0 -18"><span class='ocrx_word' id='word_1_231' title='bbox 410 4216 531 4274; x_wconf 77' lang='lat' dir='ltr'>Summe</span> <span class='ocrx_word' id='word_1_232' title='bbox 544 4217 738 4292; x_wconf 83' lang='lat' dir='ltr'>providentia.</span> 
     </span>
     <span class='ocr_line' id='line_1_47' title="bbox 329 4296 1138 4375; baseline 0.001 -22"><span class='ocrx_word' id='word_1_233' title='bbox 329 4296 422 4354; x_wconf 87' lang='lat' dir='ltr'>Hune</span> <span class='ocrx_word' id='word_1_234' title='bbox 435 4304 505 4354; x_wconf 75' lang='lat' dir='ltr'>ente</span> <span class='ocrx_word' id='word_1_235' title='bbox 519 4304 635 4373; x_wconf 81' lang='lat' dir='ltr'>portam</span> <span class='ocrx_word' id='word_1_236' title='bbox 650 4297 790 4355; x_wconf 82' lang='lat' dir='ltr'>Latinam</span> <span class='ocrx_word' id='word_1_237' title='bbox 803 4298 841 4355; x_wconf 79' lang='lat' dir='ltr'>ed</span> <span class='ocrx_word' id='word_1_238' title='bbox 855 4298 960 4356; x_wconf 85' lang='lat' dir='ltr'>Romae</span> <span class='ocrx_word' id='word_1_239' title='bbox 973 4298 1138 4375; x_wconf 79' lang='lat' dir='ltr'>spectacula</span> 
     </span>
     <span class='ocr_line' id='line_1_48' title="bbox 330 4377 1149 4458; baseline -0.001 -22"><span class='ocrx_word' id='word_1_240' title='bbox 330 4377 438 4436; x_wconf 87' lang='lat' dir='ltr'>Oleum</span> <span class='ocrx_word' id='word_1_241' title='bbox 450 4377 567 4435; x_wconf 86' lang='lat' dir='ltr'>fervens</span> <span class='ocrx_word' id='word_1_242' title='bbox 580 4398 641 4434; x_wconf 93' lang='lat' dir='ltr'>non</span> <span class='ocrx_word' id='word_1_243' title='bbox 655 4379 748 4437; x_wconf 88' lang='lat' dir='ltr'>laesit:</span> <span class='ocrx_word' id='word_1_244' title='bbox 770 4399 859 4458; x_wconf 85' lang='lat' dir='ltr'>quam</span> <span class='ocrx_word' id='word_1_245' title='bbox 872 4378 995 4458; x_wconf 79' lang='lat' dir='ltr'>pulchra</span> <span class='ocrx_word' id='word_1_246' title='bbox 1008 4379 1149 4437; x_wconf 78' lang='lat' dir='ltr'>mireenls</span> 
     </span>
     <span class='ocr_line' id='line_1_49' title="bbox 410 4458 689 4518; baseline 0 -2"><span class='ocrx_word' id='word_1_247' title='bbox 410 4458 452 4516; x_wconf 82' lang='lat' dir='ltr'>Et</span> <span class='ocrx_word' id='word_1_248' title='bbox 465 4459 544 4517; x_wconf 76' lang='lat' dir='ltr'>olera</span> <span class='ocrx_word' id='word_1_249' title='bbox 556 4459 689 4518; x_wconf 68' lang='lat' dir='ltr'>victorie</span> 
     </span>
    </p>
   </div>
   <div class='ocr_carea' id='block_1_11' title="bbox 0 0 1460 4904">
    <p class='ocr_par' dir='ltr' id='par_1_24' title="bbox 0 0 1460 4904">
     <span class='ocr_line' id='line_1_50' title="bbox 0 0 1460 4904; baseline 0 0"><span class='ocrx_word' id='word_1_250' title='bbox 0 0 1460 4904; x_wconf 95' lang='lat' dir='ltr'> </span> 
     </span>
    </p>
   </div>
  </div>
 </body>
</html>
