2910 4904
573 304 668 370 Festo
689 303 893 390 Septembris.

139 473 189 530 Fit
203 491 273 529 mox
287 472 385 549 puella
398 471 494 530 verbis
507 470 633 541 credula,

139 554 179 610 Et
193 572 335 629 puerpera
348 558 448 629 stupet
461 557 491 610 et
504 557 584 609 casta
620 609 623 617 ,

138 633 253 690 Natum
266 640 383 710 gestans
395 633 555 710 speciosum
568 632 661 690 forma
674 637 823 707 regentem
837 638 942 690 cuncta
956 633 1034 691 orbis
1048 653 1143 712 regua.

137 713 212 771 Haec
226 720 271 772 est
285 715 368 790 virga
381 734 442 771 non
454 713 584 789 irrigata,
600 713 650 770 sed
664 712 722 769 Dei
734 713 831 789 gratia
843 713 995 790 florigera:

137 793 211 851 Haec
225 801 270 852 est
285 795 346 852 sola
359 801 531 852 cunctorum
543 793 622 864 hera,
637 800 771 850 materna
784 794 940 851 obscurans
952 795 1068 870 piacula
1081 818 1087 853 z

138 874 232 931 Velut
245 895 312 933 rosa
324 876 462 933 decorans
475 875 598 950 spineta,
614 873 654 930 sic
668 875 747 949 quod
760 874 848 931 laedat
860 874 904 930 nil
917 874 1007 933 habet
1021 876 1119 934 Maria

136 955 231 1031 Virgo
244 977 250 1014 :
271 957 336 1014 Eva
349 956 427 1032 quod
440 954 567 1013 contulit
580 954 683 1030 prima,
699 954 811 1011 Christi
824 974 929 1031 sponsa
942 956 1052 1035 effugat
1066 957 1170 1014 Maria.

136 1035 163 1094 0
176 1038 269 1113 virge,
284 1036 345 1094 sola
357 1043 452 1094 mater
465 1042 553 1107 casta,
567 1041 668 1092 nostra
680 1035 803 1092 crimina

136 1116 230 1190 Solve,
246 1118 319 1174 dans
331 1137 421 1194 regna
434 1117 517 1193 queis
530 1117 615 1173 beata
627 1121 752 1191 regnant
765 1116 889 1192 agmina.

135 1196 222 1255 Potes
236 1199 315 1255 enim
328 1204 441 1269 cuncta,
457 1203 493 1255 ut
505 1196 609 1254 mundi
621 1196 730 1272 regina,
747 1202 777 1252 et
785 1198 856 1272 jura

135 1277 209 1335 Cum
224 1279 307 1336 Nato
320 1280 418 1336 omnia
431 1278 570 1335 discernis
583 1276 615 1334 in
629 1277 750 1334 saecula:
771 1286 801 1334 et
814 1277 895 1335 ultra
908 1278 1036 1335 subnixa
1049 1298 1079 1336 es
1093 1279 1125 1336 in
1138 1279 1231 1357 gloria

133 1357 293 1416 Cherubim
307 1359 399 1417 electa
412 1358 621 1434 Seraphimque
639 1357 717 1414 clara
729 1357 853 1434 agmina.

133 1437 212 1495 Nam
229 1441 320 1514 juxta
332 1440 441 1496 Filium
454 1439 535 1497 sedes
548 1438 580 1494 in
594 1439 715 1495 dextera
728 1437 854 1495 rutilans
866 1439 971 1510 virtus,
985 1440 1096 1516 lampas
1110 1447 1140 1499 et
1152 1441 1274 1517 sophia:

132 1519 163 1575 N
164 1520 285 1576 ativitas
298 1521 376 1578 unde
389 1520 496 1597 gaudia
510 1519 593 1576 nobis
606 1519 692 1575 hodie
706 1519 791 1575 affert
804 1539 912 1590 annua,

132 1599 172 1656 Et
186 1606 303 1658 resonat
316 1603 451 1658 camaenis
465 1600 532 1657 aula
545 1600 577 1655 in
591 1598 676 1656 laude
690 1605 750 1670 tua,
761 1599 844 1675 virgo
859 1600 975 1657 Maria:

131 1679 250 1738 Gaudet
263 1701 316 1757 per
328 1682 446 1738 climata
458 1681 537 1738 orbis
550 1679 680 1737 Ecclesia
693 1679 800 1752 dicens,
816 1678 974 1756 Alleluya;

132 1759 218 1829 Quod
233 1766 264 1820 et
277 1762 388 1837 palatia
400 1761 463 1819 caeli
478 1761 607 1819 clamant
615 1760 752 1827 ,dindima
765 1780 858 1836 usque
871 1761 973 1819 dantia
985 1761 1137 1839 praeconia.

188 1881 318 1941 Initium
331 1884 424 1941 sancti
437 1882 597 1957 Evangelii.
639 1881 805 1939 Secundum
818 1882 991 1940 Matthoeum
1003 1884 1043 1959 (i.
1061 1883 1154 1960 1-16).

190 1963 280 2021 Liber
292 1964 487 2041 generationis
501 1983 591 2038 osque
605 1963 645 2019 cd
658 1963 710 2038 qui
723 1971 846 2020 vocatur
860 1962 1001 2021 Christus.

189 2043 291 2102 Credo.

190 2125 380 2197 Offcrtorium.
1004 2178 1006 2182 .

188 2208 257 2262 Ave
271 2206 369 2263 Maria
381 2205 476 2281 gratia
488 2205 590 2281 plena:
605 2203 750 2261 Dominus
761 2210 872 2262 tecum:
886 2205 1039 2264 benedicta
1048 2212 1083 2263 tu
1093 2206 1125 2262 in
1135 2206 1315 2281 mulieribus,

128 2291 158 2342 et
171 2286 341 2344 benedictus
354 2287 467 2344 fructus
483 2286 597 2343 ventris
610 2284 663 2342 tui.

186 2365 306 2424 Secreta.

187 2447 348 2524 Unigeniti
360 2447 413 2517 tui,
429 2447 565 2518 Domine,
580 2445 665 2503 nobis
678 2451 828 2503 succurrat
849 2446 1026 2519 humanitas,
1045 2454 1081 2505 ut
1102 2449 1154 2524 qui
1172 2455 1260 2506 natus
1278 2449 1315 2508 de

126 2527 252 2604 Virgine
266 2528 369 2585 matris
381 2528 582 2604 integritatem
595 2545 655 2583 non
669 2527 778 2583 minuit
792 2527 842 2584 sed
855 2528 1000 2600 sacravit,
1017 2528 1049 2585 in
1062 2529 1238 2586 Natiuitatis
1252 2531 1315 2606 ejus

126 2607 294 2682 sollemniis,
310 2608 448 2667 anostris
465 2626 521 2682 nos,
535 2607 657 2684 piaculis
674 2626 791 2677 exuens,
810 2607 987 2665 oblationem
1000 2615 1131 2668 nostram
1149 2610 1206 2666 sibi
1226 2609 1315 2668 faciat

125 2689 381 2828 aoeelilldndeedddd
393 2690 538 2827 dihieehlo
552 2767 695 2840 Adriane,
710 2777 845 2844 martyre.

183 2848 321 2924 Munera,
342 2869 515 2926 quaesumus,
539 2849 675 2921 Domine,
694 2849 750 2906 tibi
772 2849 868 2906 dicata
890 2850 1047 2921 sanctifica,
1064 2856 1095 2908 et
1116 2851 1314 2910 intercedente

125 2929 209 2987 beato
222 2930 366 3002 Adriano,
380 2950 432 3006 per
445 2931 544 2988 eadem
557 2950 610 2987 nos
623 2929 755 3006 placatus
767 2929 895 2988 intende.
939 2931 997 2988 Per
1010 2931 1180 2991 Dominum.

183 3011 332 3085 Proefatio.
375 3011 416 3069 Et
428 3018 459 3069 te
472 3011 504 3067 in
517 3011 549 3067 N
549 3011 693 3070 ativitate.

183 3091 364 3150 Carmania

182 3172 344 3231 Benedicta
356 3191 374 3230 a
386 3172 447 3229 filio
460 3177 513 3230 tuo
527 3172 664 3244 Domina,
680 3172 751 3247 quia
764 3178 859 3248 perte
876 3172 1006 3230 fructum
1027 3174 1098 3230 vitae
1119 3175 1311 3233 communica-

126 3270 224 3310 11111.

181 3334 420 3392 Poatcommuac‘c.

181 3413 372 3491 Sumpsimus,
388 3413 523 3485 Domine,
539 3413 716 3472 celebritatis
729 3433 834 3471 annuae
848 3414 949 3471 votiva
967 3422 1147 3472 sacramenta
1155 3435 1165 3488 3
1193 3422 1306 3491 praesta,

127 3511 297 3568 quaesumus,
319 3501 356 3552 11
377 3501 407 3552 61
428 3495 596 3570 temporalis
616 3494 701 3552 nobis
723 3494 792 3551 vitae
814 3495 943 3552 remedia
965 3496 1114 3571 praebeant
1137 3503 1167 3553 et
1190 3503 1306 3556 aeterna

128 3570 178 3630 Per
197 3575 368 3633 Dominum.

180 3655 250 3712 Alia
269 3656 508 3714 Poctcommuac‘o.

181 3735 265 3793 Beati
286 3737 413 3794 Adriani
432 3736 570 3811 martyris
585 3736 639 3808 tui,
654 3735 789 3809 Domine,
803 3735 1009 3793 intercessione
1029 3738 1168 3815 placatus,
1192 3748 1306 3815 praesta,

131 3830 294 3948 guaesumus,
309 3823 345 3874 ut
358 3818 436 3895 quod
449 3816 649 3893 temporaliter
661 3817 796 3894 gerimus,
812 3823 952 3895 perpetua
968 3817 1129 3876 salvatione
1150 3821 1304 3896 capiamus

151 3913 179 3952 er
198 3897 366 3956 Dominum.

244 4104 283 4162 Iu
304 4105 455 4162 0111111110
476 4104 678 4162 1111111111
699 4120 803 4162 naara
823 4104 941 4162 Marum
962 4103 1001 4182 (v.
1017 4106 1061 4163 Id.
1079 4105 1179 4184 Sept),

369 4204 440 4261 Nisi
453 4201 720 4278 Domiteicafucrtt,
735 4203 852 4263 dicatur
865 4205 906 4262 ad
919 4204 1049 4262 Missam.

182 4342 314 4417 Officimn.
358 4345 453 4418 Salve,
468 4351 569 4403 sancta
582 4364 693 4423 parens.

183 4421 284 4485 Oratio.
328 4425 585 4504 Supplicationem.
