2910 4904
135 330 176 390 ss
236 421 237 424 Ὺ
515 328 519 333 ·
632 324 728 389 aaa
743 323 844 389 ntra.

195 491 455 551 Postcorrzmuaio.*
496 551 499 555 ,

195 575 378 646 Quaesumus,
398 573 584 648 omnipotens
603 572 693 643 Deus,
712 576 747 628 ut
769 572 821 647 qui
839 571 966 629 caelestia
987 571 1129 629 alimenta
1145 572 1340 648 percepimus,

134 655 385 712 intercedentibus
403 654 512 710 sanctis
534 653 594 710 tuis
613 652 763 710 Gordiano
783 658 873 728 atque
893 652 1064 729 Epimacho,
1078 671 1131 728 per
1151 652 1214 710 haec
1237 659 1340 711 contra

135 735 233 794 omnia
247 735 369 792 adversa
382 736 560 792 muniamur.
603 734 662 791 Per
676 733 847 790 Dominum.

255 937 443 996 Saucroauu
465 956 636 996 urarrnun
659 938 773 1009 Naum,
794 937 960 1012 Acunum,
982 955 1020 996 nu
1040 939 1222 998 Paucum.

632 1033 682 1114 (iv.
699 1035 745 1092 Id.
762 1033 849 1113 Mai.)

197 1116 335 1190 Officium.

194 1196 269 1254 Ecce
283 1197 361 1254 oculi
375 1197 499 1254 Domini
513 1217 601 1273 super
610 1197 750 1255 timentes
764 1217 839 1270 eum,
852 1198 1021 1292 sperantes
1012 1218 1045 1255 ιιι
1055 1198 1289 1256 misericordia
1264 1218 1338 1275 eyus,

133 1277 280 1353 alleluya:
305 1284 341 1335 ut
359 1279 466 1355 eripiat
484 1299 502 1334 a
520 1285 614 1335 morte
635 1279 748 1336 animas
770 1298 890 1336 eorum·
881 1324 890 1352 ,
919 1279 1059 1354 quoniam
1081 1280 1201 1375 adjutor
1222 1286 1254 1338 et
1273 1299 1341 1356 pro-

133 1364 226 1415 tector
240 1366 341 1416 noster
354 1365 405 1424 est,
420 1358 555 1434 alleluya,
570 1359 704 1453 alleluya.

193 1440 338 1498 Paulinus
382 1440 538 1497 Exsultate
554 1440 631 1516 justi
647 1441 680 1498 in
695 1440 841 1498 Domino:
863 1445 957 1498 rectos
971 1440 1054 1498 decet
1067 1441 1255 1500 collaudatio.

194 1520 304 1578 Orotan.
769 1549 772 1555 ’

192 1601 315 1673 Praesta,
325 1621 501 1678 quaesumus
513 1602 699 1678 omnipotens
708 1602 798 1674 Deus,
811 1608 846 1659 ut
856 1602 910 1677 qui
918 1602 1073 1659 beatorum
1082 1603 1183 1675 Nerei,
1193 1601 1337 1676 Achillei,

131 1690 221 1757 atque
245 1682 397 1740 Pancratii
420 1690 587 1758 martyrum
609 1689 729 1740 tuorum
756 1683 894 1740 natalitia
920 1683 1051 1755 colimus,
1075 1704 1093 1740 a
1115 1685 1230 1741 cunctis
1251 1683 1339 1742 malis

131 1763 355 1822 imminentibus
370 1783 471 1822 corum
485 1764 743 1822 intercessionibus
756 1764 922 1822 liberemur.
966 1764 1025 1822 Per
1042 1764 1214 1822 Dominum.

192 1845 332 1919 Epistola.
374 1845 396 1902 J
398 1846 459 1902 usti
472 1844 504 1900 in
518 1851 702 1920 perpetuum.

191 1925 339 2001 Alleluya.
389 1925 418 1982 V.
447 1926 531 1983 Justi
545 1925 711 2001 epulentur.

191 2006 340 2080 Alleluya
389 2006 418 2063 V
449 2006 577 2081 Surgens
591 2007 679 2064 Jesus
694 2007 841 2064 Dominus
857 2013 966 2080 noster,
981 2013 1064 2064 stans
1082 2007 1115 2064 in
1133 2007 1232 2065 medio
1253 2006 1339 2066 disci-

130 2085 277 2163 pulorum,
294 2087 411 2144 dixit
386 2106 445 2160 ens3
467 2087 532 2144 Pax
546 2088 647 2144 vobis:
668 2088 712 2145 cel
724 2089 759 2145 de
773 2087 953 2145 Asceasioae.

190 2168 392 2242 Ecoayeliam.
436 2169 510 2225 Ecce
524 2188 576 2244 ego
591 2170 679 2225 mitto
693 2188 756 2242 vos,
770 2189 864 2244 quaere
877 2169 912 2226 ia
925 2169 1009 2227 Festo
1022 2170 1115 2226 anias
1127 2160 1259 2245 apostoli.

192 2247 385 2322 Offirloriam.
431 2250 667 2308 Confitebuntur

190 2330 311 2389 Secreta.

190 2411 366 2468 Sanctorum
388 2418 552 2487 martyrum
575 2418 705 2482 tuorum,
727 2411 865 2485 Domine,
883 2411 984 2483 Nerei,
999 2411 1141 2484 Achillei,
1156 2417 1247 2489 atque
1261 2413 1338 2470 Pan-

129 2493 215 2550 oratii
229 2493 286 2550 tibi
299 2498 384 2568 grata
398 2493 547 2564 confessio,
563 2500 593 2550 et
613 2513 736 2550 munera
753 2499 855 2550 nostra
876 2493 1069 2564 commendet,
1092 2499 1123 2551 et
1144 2499 1229 2551 tuam
1250 2495 1337 2551 nobis

128 2574 345 2650 indulgentiam
359 2593 473 2650 semper
486 2574 632 2651 imploret.
676 2575 734 2631 Per
748 2575 919 2631 Dominum.

192 2655 374 2713 Conamaaio.

190 2736 325 2793 Gaudete
334 2737 410 2812 justi
424 2737 456 2793 in
471 2737 609 2808 Domino,
624 2735 769 2812 alleluya:
790 2743 884 2793 rectos
897 2736 981 2793 decet
995 2736 1182 2809 collaudatio,
1197 2735 1335 2813 alleluya,

190 2818 432 2875 Postcommuaio.

191 2898 374 2966 Quaesumus,
404 2898 540 2970 Domine,
570 2903 605 2954 ut
633 2899 787 2954 beatorum
821 2904 987 2974 martyrum
1022 2904 1143 2955 tuorum
1170 2897 1272 2969 Nerei,
1305 2905 1336 2956 et

129 2977 268 3049 Achillei,
294 2985 325 3036 et
355 2979 509 3036 Pancratii
541 2979 795 3054 deprecationibus
829 2986 1011 3036 sacramenta
1045 2999 1110 3055 quae
1144 2979 1335 3055 sumpsimus,

129 3059 166 3116 ad
188 3065 248 3116 tuae
271 3060 355 3116 nobis
377 3060 532 3136 proficiant
554 3059 728 3136 placationis
749 3066 949 3137 augmentum.
1001 3059 1060 3117 Per
1080 3061 1253 3118 Dominum.

203 3242 316 3301 Saucrr
338 3243 511 3312 Dunsrrru,
533 3261 668 3303 umscorr
691 3263 728 3303 ar
749 3262 955 3305 cousnssoars.
1002 3246 1074 3325 (xiv.
1091 3247 1161 3305 Kal.
1178 3248 1266 3327 Jun.)

136 3394 138 3399 ·
192 3364 332 3440 Officia-ra.
377 3365 499 3423 Statuit.

192 3447 301 3505 Oratio.
347 3447 403 3517 Da,
419 3467 595 3523 quaesumus.

189 3527 331 3603 Epistola.
375 3529 450 3585 Ecce
464 3529 603 3586 sacerdos

190 3609 338 3684 Alleluya.
388 3610 415 3666 V.
436 3609 458 3666 J
461 3617 544 3666 ustus
557 3609 743 3685 germinabit.

190 3690 338 3764 Alleluya.
388 3691 416 3750 V.
440 3691 576 3748 Surrexit
591 3690 736 3763 Christus,
752 3690 805 3766 qui
818 3691 929 3748 creavit
944 3691 1064 3750 omnia:
1092 3698 1122 3749 et
1135 3692 1276 3751 misertus
1290 3699 1333 3753 est

128 3772 258 3827 humano
272 3770 389 3846 generi:
410 3772 455 3829 cel
466 3774 501 3829 de
515 3772 694 3831 Asccasioae.

187 3851 389 3926 Eocayeliam.
433 3853 533 3909 Homo
548 3853 670 3928 quidam
682 3871 810 3929 peregre.

190 3932 279 4007 Offert
280 3934 384 3990 orium
429 3933 538 3989 Inveni
552 3933 658 3990 David.

188 4013 367 4072 Oooaoraaio.
412 4014 522 4070 Beatus
537 4033 646 4071 servus.

187 4096 222 4153 Si
249 4105 294 4153 ert
296 4117 331 4152 ro
359 4104 469 4170 tenipus
494 4095 631 4152 Poscbole
658 4096 788 4167 coerceri,
768 4103 885 4153 itanc
908 4059 1027 4153 dicatae
1049 4096 1187 4168 Gradala
1211 4098 1334 4167 «Iuravit

128 4177 282 4235 Dominus,

185 4290 267 4334 *MS
282 4290 527 4335 D—Postcommmu'o.
559 4289 646 4345 Refice,
662 4303 807 4347 (poossumus,
822 4289 931 4346 Domine,
946 4290 1064 4349 populum
1078 4293 1147 4336 tuum
1163 4292 1333 4350 spiritualibus

125 4348 291 4405 abmontis,t
267 4354 291 4394 et
310 4364 412 4408 quorum
432 4349 519 4396 tribuis
538 4323 661 4393 sollemnia
685 4349 814 4406 celebrare,
834 4348 873 4393 iao
898 4362 981 4393 eorum
1001 4349 1094 4406 gaudiis
1113 4350 1267 4399 interesse·
1286 4353 1333 4399 Per

128 4383 331 4512 ”mitulorum
