2910 4904
141 276 204 339 338
351 271 473 337 Miscal
489 271 596 357 Offiocs
612 271 706 358 from
720 272 770 337 tta
783 272 921 357 Bartpor
932 270 1126 357 Pontifical.

204 439 351 499 Versicala'.

197 521 317 579 Exaudi
330 540 385 593 me,
401 520 536 591 Domine,
552 520 691 595 quoniam
705 519 833 597 benigna
846 526 892 578 est
904 518 1104 578 misericordia
1116 524 1179 577 tua.

197 600 372 660 Secundam.

197 682 247 740 Ne
259 681 426 740 memineris
439 681 632 757 iniquitatum
645 688 814 738 nostrarum
826 682 1024 758 antiquarum.

198 763 266 821 (lito
280 763 442 839 anticipent
455 781 509 818 nos
522 762 726 819 misericordiae
740 770 807 819 tuae.

201 844 303 902 Salvos
317 845 363 900 fao
376 862 474 900 servos
487 848 561 899 tuos.

199 925 385 995 Convertere,
401 924 538 993 Domine,
552 943 645 998 usque
658 943 724 999 quo.

198 1005 290 1062 Mitte
304 1005 354 1075 eis,
369 1004 505 1076 Domine,
519 1005 664 1061 auxilium
678 1005 713 1061 de
727 1008 834 1063 sancto.

198 1085 346 1143 Dominus
359 1086 516 1142 vobiscum.

197 1165 306 1225 Oratio.
348 1167 471 1237 AdestO,
487 1166 623 1236 Domine,
639 1175 665 1222 ct
678 1173 768 1223 cetera
781 1165 832 1241 (at
846 1186 944 1240 capra,
960 1165 1015 1222 rol.
1032 1164 1051 1221 i.
1066 1185 1093 1241 p.
1112 1164 1181 1241 95)

195 1247 267 1304 Alia
282 1247 390 1305 Oratio.
442 1247 524 1303 Deus
537 1247 660 1303 humani
672 1248 794 1323 generis,
810 1256 836 1304 et
850 1256 940 1305 cetera
953 1246 1121 1323 (utsupra,
1136 1244 1270 1325 didaz).

197 1328 269 1385 Atia
284 1328 393 1385 Oratio.

195 1409 391 1485 Omnipotens
404 1408 580 1484 sempiterne
593 1407 684 1479 Deus,
699 1407 907 1465 confitentibus
926 1406 985 1463 tibi
1002 1407 1124 1465 famulis
1136 1406 1200 1465 tuis
1212 1426 1266 1485 pro
1277 1412 1324 1467 a·

133 1489 245 1565 pietate
265 1496 383 1566 peccata
405 1489 525 1561 relaxa;
548 1494 583 1545 ut
604 1508 664 1545 non
686 1489 752 1563 plus
778 1489 819 1545 eis
843 1494 947 1546 noceat
968 1488 1155 1546 eonscientiae
1173 1494 1274 1547 reatus
1289 1486 1323 1545 ad

133 1589 250 1646 paenam
263 1591 351 1647 quam
364 1569 551 1647 indulgentia
563 1574 623 1626 tuse
636 1569 755 1645 pietatis
768 1570 862 1645 prosit
871 1569 908 1627 ad
921 1569 1047 1627 veniam.
1090 1568 1153 1627 Per
1165 1568 1321 1629 Christum.

196 1652 267 1709 Atia
283 1651 392 1709 Oratio.

196 1732 331 1804 Domine,
356 1737 455 1788 sancte
476 1731 574 1800 Pater,
599 1730 784 1806 omnipotens
804 1738 912 1787 aeterne
936 1731 1026 1803 Deus,
1048 1732 1161 1807 respice
1185 1728 1324 1808 propitius

134 1832 221 1889 super
234 1813 287 1869 hos
300 1813 424 1870 famulos
443 1818 519 1883 tuos,
534 1811 585 1888 qui
598 1812 636 1868 ab
649 1811 756 1868 infesta
775 1812 863 1887 hujus
883 1811 982 1868 saeculi
1002 1818 1182 1888 tempestate
1202 1810 1322 1883 dimersi,

133 1893 226 1950 flebili
245 1893 456 1950 lamentatione
479 1911 545 1949 suos
567 1898 704 1948 accusant
725 1911 868 1963 excessus,
884 1903 919 1949 ut
932 1892 1019 1950 fletus
1031 1911 1066 1949 ac
1078 1892 1210 1969 gemitus
1229 1908 1324 1951 eorum

133 1974 181 2048 pie
201 1974 349 2049 suscipias,
374 1992 479 2048 eosque
499 1973 535 2030 de
554 1973 685 2030 tenebris
707 1972 745 2029 ad
763 1973 868 2030 lumen
897 1992 1022 2045 revoces,
1048 1978 1079 2030 et
1100 1972 1246 2031 medelam
1264 1990 1324 2029 eon·

132 2055 294 2124 litantibus
310 2054 435 2110 salutem
448 2053 666 2129 paenitentibus,
680 2053 842 2110 wilneratis
855 2054 1001 2110 auxilium
1014 2054 1153 2111 sanitatis
1166 2052 1324 2131 indulgens,

134 2153 171 2190 ne
184 2134 264 2191 ultra
276 2135 383 2191 habeat
402 2135 539 2190 inimicus
552 2135 584 2190 in
598 2153 697 2190 eorum
711 2134 864 2191 animabus
876 2140 1052 2211 potestatem
1059 2154 1069 2207 ,·
1089 2152 1253 2209 eorumque
1264 2150 1324 2193 oon-

133 2214 287 2272 fessionem
310 2214 437 2273 libenter
462 2215 630 2285 admittens,
651 2215 776 2271 ecclesiae
797 2221 857 2272 tuae
878 2215 1045 2292 purificatos
1065 2215 1203 2287 restitue,
1223 2232 1258 2273 ae
1274 2220 1323 2271 tuo

133 2295 222 2352 altari
248 2302 441 2371 repraesenta:
472 2302 507 2352 ut
532 2296 568 2352 ad
596 2301 810 2353 sacramentum
836 2295 1083 2353 reconciliationis
1109 2294 1242 2367 admissi,
1268 2312 1323 2351 una

132 2376 285 2433 nobiscum
299 2383 399 2433 sancto
412 2376 527 2433 nomini
540 2382 593 2433 tuo
606 2377 715 2453 gratias
728 2396 814 2452 agere
827 2383 1003 2434 mereantur.
1048 2375 1115 2433 Per.

194 2455 265 2514 Alia
280 2457 389 2516 Oratio.

192 2538 275 2594 Deus
288 2539 458 2610 misericors
474 2537 555 2594 Deus
569 2537 704 2609 clemens,
719 2547 744 2593 et
757 2546 847 2595 cetera
860 2537 912 2613 (at
925 2557 1024 2613 capra,
1039 2536 1098 2595 vol.
1113 2535 1132 2594 i.
1149 2556 1180 2613 p.
1195 2536 1261 2615 95).

193 2619 264 2675 aaa
279 2619 388 2676 Oratio.

193 2699 319 2770 Exaudi,
332 2719 506 2775 quaesumus,
518 2699 702 2773 omnipotens
713 2699 803 2769 DeuS,
814 2718 913 2773 preces
922 2705 1036 2755 nostras
1045 2718 1117 2773 qrias
1127 2697 1162 2754 in
1172 2700 1324 2773 conspeetu

130 2778 250 2853 pietatis
273 2786 332 2848 tuae
351 2779 499 2836 effundere
519 2780 730 2854 praesumimus,
752 2779 922 2854 suppliciter
941 2779 1139 2854 deprecantes,
1155 2784 1192 2835 ut
1204 2776 1324 2835 famulos

131 2866 198 2916 tuos
213 2860 248 2917 de
261 2865 314 2916 tua
327 2860 524 2917 misericordia
538 2859 714 2916 confidentes
727 2858 935 2938 bencffldicas,
946 2866 976 2915 et
986 2860 1086 2916 omnia
1096 2866 1218 2935 peccata
1227 2876 1324 2917 eorum

132 2939 272 3012 dimittas,
286 2947 396 3016 tuaque
410 2960 457 2997 eos
471 2940 651 3015 protectione
671 2959 830 3011 conserues,
845 2947 880 2995 ut
893 2941 1005 3015 possint
1028 2946 1059 2996 te
1073 2940 1158 3016 digni
1171 2940 1238 2997 fieri
1251 2934 1324 2998 etad

131 3026 270 3076 aeternam
284 3022 507 3090 beatitudinem,
521 3027 552 3077 te
565 3020 737 3091 auxiliante,
754 3022 912 3096 pervenire.
956 3020 1022 3079 Per.

191 3101 350 3159 Absolutio.

189 3181 416 3238 Absolutionem
430 3186 461 3237 et
473 3180 673 3237 remissionem
687 3181 818 3237 omnium
830 3187 1016 3256 peccatorum
1029 3189 1199 3239 vestrorum
1212 3180 1323 3239 tribuat

131 3259 215 3316 vobis
228 3262 412 3337 omnipotens
425 3267 456 3317 et
468 3261 630 3318 misericors
645 3260 797 3318 Dominus.
841 3262 946 3319 Amen.

189 3341 260 3398 Post
279 3342 328 3398 doc
349 3351 471 3416 surgant
479 3341 655 3416 prenitentes,
670 3351 696 3398 et
709 3352 883 3399 reteraearctar
896 3343 931 3400 ab
946 3342 1075 3418 episcopo
1091 3351 1123 3399 at
1137 3344 1219 3417 qaod
1233 3340 1323 3419 pard-

129 3420 213 3479 tcado
226 3421 384 3495 diluerunt,
399 3424 531 3480 iterando
544 3442 604 3480 aaa
616 3431 750 3479 revocent.

499 3709 599 3766 M1ssa
619 3726 661 3766 nn
682 3726 796 3768 saxoso
818 3710 951 3769 Srnuru.

313 3837 352 3893 Ur
365 3857 464 3912 aratra,
480 3837 536 3895 vol.
553 3838 583 3895 ii.
599 3858 626 3914 p.
645 3840 711 3909 lit,
726 3839 777 3895 Ad
790 3841 998 3915 postulandam
1011 3842 1148 3919 gratiam.

597 3994 663 4052 Pno
684 4012 855 4054 snunmrso.

190 4071 299 4129 Oratio.
932 4128 935 4133 .

186 4152 379 4228 Omnipotens
393 4153 568 4228 sempiterne
582 4153 672 4227 Deus,
688 4157 740 4231 qui
753 4176 800 4214 me
814 4160 1106 4234 peccatorem’sacria
1120 4162 1270 4222 altaribus
1281 4160 1323 4221 ad·

126 4236 203 4287 stare
216 4232 346 4304 voluisti,
361 4238 392 4290 et
405 4233 499 4290 sancti
519 4235 646 4291 nominis
659 4239 705 4292 tui
719 4237 838 4295 laudare
858 4240 1042 4314 potentiam,
1063 4245 1203 4319 concede,
1218 4262 1320 4321 quaeso,

125 4329 177 4383 per
189 4312 277 4385 hujus
297 4315 470 4370 sacramenti
493 4316 666 4389 mysterium
687 4337 818 4375 meorum
841 4320 914 4376 mihi
934 4322 1054 4379 veniam
1074 4332 1278 4401 peecatorum,
1291 4328 1322 4383 ut

124 4395 183 4447 tuse
197 4393 344 4467 majestati
357 4394 444 4471 digne
458 4396 624 4454 ministrare
637 4416 757 4456 merear.
801 4400 859 4458 Per
872 4399 1045 4461 Dominum.
