<?xml version="1.0" encoding="UTF-8"?>
<!DOCTYPE html PUBLIC "-//W3C//DTD XHTML 1.0 Transitional//EN"
    "http://www.w3.org/TR/xhtml1/DTD/xhtml1-transitional.dtd">
<html xmlns="http://www.w3.org/1999/xhtml" xml:lang="en" lang="en">
 <head>
  <title>
</title>
<meta http-equiv="Content-Type" content="text/html;charset=utf-8" />
  <meta name='ocr-system' content='tesseract 3.04.00' />
  <meta name='ocr-capabilities' content='ocr_page ocr_carea ocr_par ocr_line ocrx_word'/>
</head>
<body>
  <div class='ocr_page' id='page_1' title='image "./missaleadusumin01churgoog_0100.png"; bbox 0 0 2910 4904; ppageno 0'>
   <div class='ocr_carea' id='block_1_1' title="bbox 610 296 877 394">
    <p class='ocr_par' dir='ltr' id='par_1_1' title="bbox 610 296 877 394">
     <span class='ocr_line' id='line_1_1' title="bbox 610 296 877 394; baseline 0.004 -34"><span class='ocrx_word' id='word_1_1' title='bbox 610 297 715 386; x_wconf 51' lang='lat' dir='ltr'><strong>¹Festa</strong></span> <span class='ocrx_word' id='word_1_2' title='bbox 735 296 849 392; x_wconf 65' lang='lat' dir='ltr'><strong>«lolli.</strong></span> <span class='ocrx_word' id='word_1_3' title='bbox 875 389 877 394; x_wconf 12' lang='lat'><strong>¹</strong></span> 
     </span>
    </p>
   </div>
   <div class='ocr_carea' id='block_1_2' title="bbox 126 462 1331 2078">
    <p class='ocr_par' dir='ltr' id='par_1_2' title="bbox 191 462 790 540">
     <span class='ocr_line' id='line_1_2' title="bbox 191 462 790 540; baseline 0.003 -21"><span class='ocrx_word' id='word_1_4' title='bbox 191 462 336 539; x_wconf 74' lang='lat' dir='ltr'><strong>Epistola.</strong></span> <span class='ocrx_word' id='word_1_5' title='bbox 379 462 630 520; x_wconf 83' lang='lat' dir='ltr'><strong>Rememoramini</strong></span> <span class='ocrx_word' id='word_1_6' title='bbox 643 464 790 540; x_wconf 90' lang='lat' dir='ltr'><strong>pristinos.</strong></span> 
     </span>
    </p>

    <p class='ocr_par' dir='ltr' id='par_1_3' title="bbox 194 543 874 602">
     <span class='ocr_line' id='line_1_3' title="bbox 194 543 874 602; baseline -0.006 0"><span class='ocrx_word' id='word_1_7' title='bbox 194 543 330 602; x_wconf 77' lang='lat' dir='ltr'><strong>Gradule.</strong></span> <span class='ocrx_word' id='word_1_8' title='bbox 374 544 554 602; x_wconf 78' lang='lat' dir='ltr'><strong>Sacerdotes</strong></span> <span class='ocrx_word' id='word_1_9' title='bbox 872 547 874 550; x_wconf 78' lang='grc'>’</span> 
     </span>
    </p>

    <p class='ocr_par' dir='ltr' id='par_1_4' title="bbox 192 624 594 701">
     <span class='ocr_line' id='line_1_4' title="bbox 192 624 594 701; baseline 0 -19"><span class='ocrx_word' id='word_1_10' title='bbox 192 624 342 701; x_wconf 84' lang='lat' dir='ltr'><strong>Alleluya.</strong></span> <span class='ocrx_word' id='word_1_11' title='bbox 392 625 421 685; x_wconf 83' lang='lat' dir='ltr'><strong>V.</strong></span> <span class='ocrx_word' id='word_1_12' title='bbox 445 625 594 700; x_wconf 84' lang='lat' dir='ltr'>Disposui.</span> 
     </span>
    </p>

    <p class='ocr_par' dir='ltr' id='par_1_5' title="bbox 193 705 1055 782">
     <span class='ocr_line' id='line_1_5' title="bbox 193 705 1055 782; baseline 0 -18"><span class='ocrx_word' id='word_1_13' title='bbox 193 706 398 780; x_wconf 71' lang='lat' dir='ltr'><strong>Evorrqellum.</strong></span> <span class='ocrx_word' id='word_1_14' title='bbox 441 705 595 782; x_wconf 90' lang='lat' dir='ltr'><strong>Loquente</strong></span> <span class='ocrx_word' id='word_1_15' title='bbox 608 705 684 764; x_wconf 80' lang='lat' dir='ltr'><strong>lesu</strong></span> <span class='ocrx_word' id='word_1_16' title='bbox 697 706 734 764; x_wconf 85' lang='lat' dir='ltr'><strong>ad</strong></span> <span class='ocrx_word' id='word_1_17' title='bbox 748 706 860 777; x_wconf 88' lang='lat' dir='ltr'><strong>turbas,</strong></span> <span class='ocrx_word' id='word_1_18' title='bbox 875 724 939 765; x_wconf 88' lang='lat' dir='ltr'><strong>ecce</strong></span> <span class='ocrx_word' id='word_1_19' title='bbox 954 713 1055 766; x_wconf 88' lang='lat' dir='ltr'><strong>mater.</strong></span> 
     </span>
    </p>

    <p class='ocr_par' dir='ltr' id='par_1_6' title="bbox 194 787 600 860">
     <span class='ocr_line' id='line_1_6' title="bbox 194 787 600 860; baseline 0 -16"><span class='ocrx_word' id='word_1_20' title='bbox 194 787 390 860; x_wconf 79' lang='lat' dir='ltr'><strong>Offertoriam.</strong></span> <span class='ocrx_word' id='word_1_21' title='bbox 433 787 600 844; x_wconf 89' lang='lat' dir='ltr'><strong>Laetamini.</strong></span> 
     </span>
    </p>

    <p class='ocr_par' dir='ltr' id='par_1_7' title="bbox 192 867 315 926">
     <span class='ocr_line' id='line_1_7' title="bbox 192 867 315 926; baseline -0.008 0"><span class='ocrx_word' id='word_1_22' title='bbox 192 867 315 926; x_wconf 80' lang='lat' dir='ltr'><strong>Secreto.</strong></span> 
     </span>
    </p>

    <p class='ocr_par' dir='ltr' id='par_1_8' title="bbox 127 948 1330 1108">
     <span class='ocr_line' id='line_1_8' title="bbox 190 948 1330 1026; baseline 0.003 -20"><span class='ocrx_word' id='word_1_23' title='bbox 190 950 325 1026; x_wconf 85' lang='lat' dir='ltr'><strong>Accepta</strong></span> <span class='ocrx_word' id='word_1_24' title='bbox 345 949 384 1006; x_wconf 88' lang='lat' dir='ltr'><strong>sit</strong></span> <span class='ocrx_word' id='word_1_25' title='bbox 404 949 437 1004; x_wconf 91' lang='lat' dir='ltr'><strong>in</strong></span> <span class='ocrx_word' id='word_1_26' title='bbox 459 953 615 1023; x_wconf 89' lang='lat' dir='ltr'><strong>conspectu</strong></span> <span class='ocrx_word' id='word_1_27' title='bbox 628 955 689 1019; x_wconf 86' lang='lat' dir='ltr'><strong>tue,</strong></span> <span class='ocrx_word' id='word_1_28' title='bbox 705 948 842 1020; x_wconf 89' lang='lat' dir='ltr'><strong>Domine,</strong></span> <span class='ocrx_word' id='word_1_29' title='bbox 856 954 964 1006; x_wconf 88' lang='lat' dir='ltr'><strong>nostrae</strong></span> <span class='ocrx_word' id='word_1_30' title='bbox 979 951 1144 1026; x_wconf 76' lang='lat' dir='ltr'><strong>devotionis</strong></span> <span class='ocrx_word' id='word_1_31' title='bbox 1164 948 1284 1024; x_wconf 89' lang='lat' dir='ltr'><strong>oblatio,</strong></span> <span class='ocrx_word' id='word_1_32' title='bbox 1299 958 1330 1010; x_wconf 92' lang='lat' dir='ltr'><strong>et</strong></span> 
     </span>
     <span class='ocr_line' id='line_1_9' title="bbox 127 1029 1278 1167; baseline 0.003 -81"><span class='ocrx_word' id='word_1_33' title='bbox 127 1032 218 1167; x_wconf 56' lang='lat' dir='ltr'><strong>ejusd</strong></span> <span class='ocrx_word' id='word_1_34' title='bbox 207 1031 293 1086; x_wconf 88' lang='lat' dir='ltr'><strong>nobis</strong></span> <span class='ocrx_word' id='word_1_35' title='bbox 306 1030 359 1086; x_wconf 88' lang='lat' dir='ltr'><strong>fiat</strong></span> <span class='ocrx_word' id='word_1_36' title='bbox 373 1029 587 1106; x_wconf 76' lang='lat' dir='ltr'><strong>supplicatione</strong></span> <span class='ocrx_word' id='word_1_37' title='bbox 601 1029 747 1100; x_wconf 65' lang='lat' dir='ltr'><strong>salutaris</strong></span> <span class='ocrx_word' id='word_1_38' title='bbox 762 1049 816 1106; x_wconf 88' lang='lat' dir='ltr'><strong>pro</strong></span> <span class='ocrx_word' id='word_1_39' title='bbox 830 1030 914 1105; x_wconf 90' lang='lat' dir='ltr'><strong>cujus</strong></span> <span class='ocrx_word' id='word_1_40' title='bbox 927 1031 1125 1090; x_wconf 76' lang='lat' dir='ltr'><strong>sollemnitate</strong></span> <span class='ocrx_word' id='word_1_41' title='bbox 1139 1032 1278 1090; x_wconf 84' lang='lat' dir='ltr'><strong>defertur.</strong></span> 
     </span>
    </p>

    <p class='ocr_par' dir='ltr' id='par_1_9' title="bbox 193 1110 399 1169">
     <span class='ocr_line' id='line_1_10' title="bbox 193 1110 399 1169; baseline 0.016 -2.63"><span class='ocrx_word' id='word_1_42' title='bbox 193 1111 265 1168; x_wconf 82' lang='lat' dir='ltr'><strong>Alia</strong></span> <span class='ocrx_word' id='word_1_43' title='bbox 279 1110 399 1169; x_wconf 74' lang='lat' dir='ltr'><strong>Secreta</strong></span> 
     </span>
    </p>

    <p class='ocr_par' dir='ltr' id='par_1_10' title="bbox 127 1191 1327 1428">
     <span class='ocr_line' id='line_1_11' title="bbox 192 1191 1327 1270; baseline 0.004 -22"><span class='ocrx_word' id='word_1_44' title='bbox 192 1191 317 1248; x_wconf 82' lang='lat' dir='ltr'><strong>Hostias</strong></span> <span class='ocrx_word' id='word_1_45' title='bbox 339 1192 404 1263; x_wconf 91' lang='lat' dir='ltr'><strong>tibi,</strong></span> <span class='ocrx_word' id='word_1_46' title='bbox 421 1191 558 1261; x_wconf 89' lang='lat' dir='ltr'><strong>Domine,</strong></span> <span class='ocrx_word' id='word_1_47' title='bbox 573 1211 627 1266; x_wconf 89' lang='lat' dir='ltr'><strong>pro</strong></span> <span class='ocrx_word' id='word_1_48' title='bbox 641 1196 809 1247; x_wconf 87' lang='lat' dir='ltr'><strong>sanctorum</strong></span> <span class='ocrx_word' id='word_1_49' title='bbox 830 1197 910 1248; x_wconf 87' lang='lat' dir='ltr'><strong>mart</strong></span> <span class='ocrx_word' id='word_1_50' title='bbox 910 1212 996 1266; x_wconf 82' lang='lat' dir='ltr'><strong>yrum</strong></span> <span class='ocrx_word' id='word_1_51' title='bbox 1021 1199 1149 1266; x_wconf 87' lang='lat' dir='ltr'><strong>tuorum,</strong></span> <span class='ocrx_word' id='word_1_52' title='bbox 1174 1193 1327 1270; x_wconf 80' lang='lat' dir='ltr'><strong>Simplicii,</strong></span> 
     </span>
     <span class='ocr_line' id='line_1_12' title="bbox 128 1271 1330 1354; baseline 0.003 -24"><span class='ocrx_word' id='word_1_53' title='bbox 128 1273 278 1354; x_wconf 70' lang='lat' dir='ltr'><strong>Faustini,</strong></span> <span class='ocrx_word' id='word_1_54' title='bbox 307 1279 337 1329; x_wconf 92' lang='lat' dir='ltr'><strong>et</strong></span> <span class='ocrx_word' id='word_1_55' title='bbox 362 1273 506 1330; x_wconf 89' lang='lat' dir='ltr'><strong>Beatriois</strong></span> <span class='ocrx_word' id='word_1_56' title='bbox 533 1273 808 1329; x_wconf 84' lang='lat' dir='ltr'><strong>commemoratione</strong></span> <span class='ocrx_word' id='word_1_57' title='bbox 835 1271 1010 1344; x_wconf 81' lang='lat' dir='ltr'><strong>deferimus3</strong></span> <span class='ocrx_word' id='word_1_58' title='bbox 1034 1275 1207 1351; x_wconf 86' lang='lat' dir='ltr'><strong>suppliciter</strong></span> <span class='ocrx_word' id='word_1_59' title='bbox 1230 1276 1330 1352; x_wconf 88' lang='lat' dir='ltr'><strong>depre-</strong></span> 
     </span>
     <span class='ocr_line' id='line_1_13' title="bbox 127 1346 1205 1446; baseline 0.001 -36"><span class='ocrx_word' id='word_1_60' title='bbox 127 1346 241 1423; x_wconf 77' lang='lat' dir='ltr'><strong>canteS,</strong></span> <span class='ocrx_word' id='word_1_61' title='bbox 255 1362 290 1410; x_wconf 91' lang='lat' dir='ltr'><strong>ut</strong></span> <span class='ocrx_word' id='word_1_62' title='bbox 304 1353 407 1409; x_wconf 76' lang='lat' dir='ltr'><strong>indulo</strong></span> <span class='ocrx_word' id='word_1_63' title='bbox 390 1355 520 1430; x_wconf 90' lang='lat' dir='ltr'><strong>entiam</strong></span> <span class='ocrx_word' id='word_1_64' title='bbox 532 1352 618 1409; x_wconf 91' lang='lat' dir='ltr'><strong>nobis</strong></span> <span class='ocrx_word' id='word_1_65' title='bbox 631 1353 741 1446; x_wconf 87' lang='lat' dir='ltr'><strong>pariter</strong></span> <span class='ocrx_word' id='word_1_66' title='bbox 754 1352 906 1410; x_wconf 85' lang='lat' dir='ltr'><strong>conferant</strong></span> <span class='ocrx_word' id='word_1_67' title='bbox 919 1359 950 1410; x_wconf 92' lang='lat' dir='ltr'><strong>et</strong></span> <span class='ocrx_word' id='word_1_68' title='bbox 963 1355 1094 1412; x_wconf 87' lang='lat' dir='ltr'><strong>salutem</strong></span> <span class='ocrx_word' id='word_1_69' title='bbox 1139 1356 1205 1413; x_wconf 88' lang='lat' dir='ltr'><strong>Per.</strong></span> 
     </span>
    </p>

    <p class='ocr_par' dir='ltr' id='par_1_11' title="bbox 194 1433 702 1492">
     <span class='ocr_line' id='line_1_14' title="bbox 194 1433 702 1492; baseline -0.006 0"><span class='ocrx_word' id='word_1_70' title='bbox 194 1433 376 1492; x_wconf 72' lang='lat' dir='ltr'><strong>Commutato.</strong></span> <span class='ocrx_word' id='word_1_71' title='bbox 418 1433 490 1492; x_wconf 83' lang='lat' dir='ltr'><strong>Just</strong></span> <span class='ocrx_word' id='word_1_72' title='bbox 479 1444 577 1491; x_wconf 89' lang='lat' dir='ltr'><strong>torum</strong></span> <span class='ocrx_word' id='word_1_73' title='bbox 590 1435 702 1491; x_wconf 83' lang='lat' dir='ltr'><strong>animae.</strong></span> 
     </span>
    </p>

    <p class='ocr_par' dir='ltr' id='par_1_12' title="bbox 192 1515 434 1573">
     <span class='ocr_line' id='line_1_15' title="bbox 192 1515 434 1573; baseline 0.004 -2"><span class='ocrx_word' id='word_1_74' title='bbox 192 1516 263 1573; x_wconf 75' lang='lat' dir='ltr'><strong>Post</strong></span> <span class='ocrx_word' id='word_1_75' title='bbox 253 1515 434 1572; x_wconf 78' lang='lat' dir='ltr'><strong>loommaaio.</strong></span> 
     </span>
    </p>

    <p class='ocr_par' dir='ltr' id='par_1_13' title="bbox 128 1591 1326 1752">
     <span class='ocr_line' id='line_1_16' title="bbox 192 1591 1326 1671; baseline 0.001 -18"><span class='ocrx_word' id='word_1_76' title='bbox 192 1591 310 1653; x_wconf 85' lang='lat' dir='ltr'><strong>Refeoti</strong></span> <span class='ocrx_word' id='word_1_77' title='bbox 341 1595 564 1671; x_wconf 80' lang='lat' dir='ltr'><strong>participatione</strong></span> <span class='ocrx_word' id='word_1_78' title='bbox 595 1596 725 1651; x_wconf 85' lang='lat' dir='ltr'><strong>muneris</strong></span> <span class='ocrx_word' id='word_1_79' title='bbox 758 1594 840 1666; x_wconf 85' lang='lat' dir='ltr'><strong>sacri,</strong></span> <span class='ocrx_word' id='word_1_80' title='bbox 876 1615 1049 1671; x_wconf 84' lang='lat' dir='ltr'><strong>quaesumus,</strong></span> <span class='ocrx_word' id='word_1_81' title='bbox 1078 1597 1207 1654; x_wconf 90' lang='lat' dir='ltr'><strong>Domine</strong></span> <span class='ocrx_word' id='word_1_82' title='bbox 1244 1597 1326 1655; x_wconf 86' lang='lat' dir='ltr'><strong>Deus</strong></span> 
     </span>
     <span class='ocr_line' id='line_1_17' title="bbox 128 1677 1051 1752; baseline 0.001 -18"><span class='ocrx_word' id='word_1_83' title='bbox 128 1684 239 1749; x_wconf 86' lang='lat' dir='ltr'><strong>noster,</strong></span> <span class='ocrx_word' id='word_1_84' title='bbox 254 1683 290 1733; x_wconf 92' lang='lat' dir='ltr'><strong>ut</strong></span> <span class='ocrx_word' id='word_1_85' title='bbox 303 1679 387 1752; x_wconf 86' lang='lat' dir='ltr'><strong>cujus</strong></span> <span class='ocrx_word' id='word_1_86' title='bbox 401 1678 589 1752; x_wconf 85' lang='lat' dir='ltr'><strong>exsequimur</strong></span> <span class='ocrx_word' id='word_1_87' title='bbox 602 1677 717 1733; x_wconf 82' lang='lat' dir='ltr'><strong>cultum</strong></span> <span class='ocrx_word' id='word_1_88' title='bbox 731 1677 893 1733; x_wconf 88' lang='lat' dir='ltr'><strong>sentiamus</strong></span> <span class='ocrx_word' id='word_1_89' title='bbox 907 1678 1051 1735; x_wconf 89' lang='lat' dir='ltr'><strong>effectum.</strong></span> 
     </span>
    </p>

    <p class='ocr_par' dir='ltr' id='par_1_14' title="bbox 193 1757 518 1815">
     <span class='ocr_line' id='line_1_18' title="bbox 193 1757 518 1815; baseline 0 -1"><span class='ocrx_word' id='word_1_90' title='bbox 193 1757 265 1814; x_wconf 81' lang='lat' dir='ltr'><strong>Alia</strong></span> <span class='ocrx_word' id='word_1_91' title='bbox 279 1758 518 1815; x_wconf 79' lang='lat' dir='ltr'><strong>Postcommuaio</strong></span> 
     </span>
    </p>

    <p class='ocr_par' dir='ltr' id='par_1_15' title="bbox 126 1837 1331 2078">
     <span class='ocr_line' id='line_1_19' title="bbox 192 1837 1325 1916; baseline 0 -20"><span class='ocrx_word' id='word_1_92' title='bbox 192 1839 315 1910; x_wconf 86' lang='lat' dir='ltr'><strong>Praesta,</strong></span> <span class='ocrx_word' id='word_1_93' title='bbox 325 1859 498 1915; x_wconf 88' lang='lat' dir='ltr'><strong>quaesumus,</strong></span> <span class='ocrx_word' id='word_1_94' title='bbox 510 1837 696 1913; x_wconf 90' lang='lat' dir='ltr'><strong>omnipotens</strong></span> <span class='ocrx_word' id='word_1_95' title='bbox 708 1838 843 1910; x_wconf 87' lang='lat' dir='ltr'><strong>Deus,·ut</strong></span> <span class='ocrx_word' id='word_1_96' title='bbox 853 1844 1021 1897; x_wconf 86' lang='lat' dir='ltr'><strong>sanctorum</strong></span> <span class='ocrx_word' id='word_1_97' title='bbox 1036 1845 1156 1897; x_wconf 89' lang='lat' dir='ltr'><strong>tuorum</strong></span> <span class='ocrx_word' id='word_1_98' title='bbox 1170 1839 1325 1916; x_wconf 79' lang='lat' dir='ltr'><strong>Simplicii,</strong></span> 
     </span>
     <span class='ocr_line' id='line_1_20' title="bbox 128 1919 1331 1993; baseline 0.001 -17"><span class='ocrx_word' id='word_1_99' title='bbox 128 1920 279 1991; x_wconf 83' lang='lat' dir='ltr'><strong>Faustini,</strong></span> <span class='ocrx_word' id='word_1_100' title='bbox 299 1926 330 1977; x_wconf 90' lang='lat' dir='ltr'><strong>et</strong></span> <span class='ocrx_word' id='word_1_101' title='bbox 353 1919 497 1976; x_wconf 86' lang='lat' dir='ltr'><strong>Beatricis</strong></span> <span class='ocrx_word' id='word_1_102' title='bbox 518 1919 682 1976; x_wconf 85' lang='lat' dir='ltr'><strong>caelestibus</strong></span> <span class='ocrx_word' id='word_1_103' title='bbox 702 1921 850 1993; x_wconf 82' lang='lat' dir='ltr'><strong>mysteriis</strong></span> <span class='ocrx_word' id='word_1_104' title='bbox 871 1919 1016 1977; x_wconf 87' lang='lat' dir='ltr'><strong>celebrata</strong></span> <span class='ocrx_word' id='word_1_105' title='bbox 1034 1921 1181 1978; x_wconf 88' lang='lat' dir='ltr'><strong>sollemnit</strong></span> <span class='ocrx_word' id='word_1_106' title='bbox 1169 1927 1215 1978; x_wconf 87' lang='lat' dir='ltr'><strong>tas</strong></span> <span class='ocrx_word' id='word_1_107' title='bbox 1234 1921 1331 1977; x_wconf 90' lang='lat' dir='ltr'><strong>indul-</strong></span> 
     </span>
     <span class='ocr_line' id='line_1_21' title="bbox 126 2000 1331 2078; baseline 0.001 -20"><span class='ocrx_word' id='word_1_108' title='bbox 126 2001 261 2078; x_wconf 88' lang='lat' dir='ltr'><strong>gentiam</strong></span> <span class='ocrx_word' id='word_1_109' title='bbox 284 2001 369 2058; x_wconf 88' lang='lat' dir='ltr'><strong>nobis</strong></span> <span class='ocrx_word' id='word_1_110' title='bbox 387 2007 445 2056; x_wconf 91' lang='lat' dir='ltr'><strong>tuae</strong></span> <span class='ocrx_word' id='word_1_111' title='bbox 471 2000 691 2076; x_wconf 85' lang='lat' dir='ltr'><strong>propitiationis</strong></span> <span class='ocrx_word' id='word_1_112' title='bbox 713 2000 853 2076; x_wconf 89' lang='lat' dir='ltr'><strong>acquirat.</strong></span> <span class='ocrx_word' id='word_1_113' title='bbox 898 2000 956 2057; x_wconf 91' lang='lat' dir='ltr'><strong>Per</strong></span> <span class='ocrx_word' id='word_1_114' title='bbox 979 2002 1149 2059; x_wconf 89' lang='lat' dir='ltr'><strong>Dominum.</strong></span> <span class='ocrx_word' id='word_1_115' title='bbox 1193 2001 1253 2060; x_wconf 78' lang='lat' dir='ltr'><strong>Sat</strong></span> <span class='ocrx_word' id='word_1_116' title='bbox 1267 2022 1331 2060; x_wconf 76' lang='lat' dir='ltr'><strong>aaa</strong></span> 
     </span>
    </p>
   </div>
   <div class='ocr_carea' id='block_1_3' title="bbox 129 2082 320 2140">
    <p class='ocr_par' dir='ltr' id='par_1_16' title="bbox 129 2082 320 2140">
     <span class='ocr_line' id='line_1_22' title="bbox 129 2082 320 2140; baseline -0.011 0"><span class='ocrx_word' id='word_1_117' title='bbox 129 2082 320 2140; x_wconf 72' lang='lat' dir='ltr'><strong>conclusione.</strong></span> 
     </span>
    </p>
   </div>
   <div class='ocr_carea' id='block_1_4' title="bbox 219 2276 1241 2357">
    <p class='ocr_par' dir='ltr' id='par_1_17' title="bbox 219 2276 1241 2357">
     <span class='ocr_line' id='line_1_23' title="bbox 219 2276 1241 2357; baseline 0.002 -22"><span class='ocrx_word' id='word_1_118' title='bbox 219 2278 406 2336; x_wconf 76' lang='lat' dir='ltr'><strong>Sauoroaun</strong></span> <span class='ocrx_word' id='word_1_119' title='bbox 427 2294 599 2334; x_wconf 78' lang='lat' dir='ltr'><strong>nsanrnmr</strong></span> <span class='ocrx_word' id='word_1_120' title='bbox 619 2278 734 2335; x_wconf 75' lang='lat' dir='ltr'><strong>Annos</strong></span> <span class='ocrx_word' id='word_1_121' title='bbox 755 2293 792 2334; x_wconf 81' lang='lat' dir='ltr'><strong>nr</strong></span> <span class='ocrx_word' id='word_1_122' title='bbox 813 2276 944 2335; x_wconf 72' lang='grc'>8111111111.</span> <span class='ocrx_word' id='word_1_123' title='bbox 990 2279 1043 2356; x_wconf 86' lang='lat' dir='ltr'><strong>(iii.</strong></span> <span class='ocrx_word' id='word_1_124' title='bbox 1061 2279 1130 2336; x_wconf 83' lang='lat' dir='ltr'><strong>Kal.</strong></span> <span class='ocrx_word' id='word_1_125' title='bbox 1147 2279 1241 2357; x_wconf 81' lang='lat' dir='ltr'><strong>Aug.)</strong></span> 
     </span>
    </p>
   </div>
   <div class='ocr_carea' id='block_1_5' title="bbox 193 2404 484 2479">
    <p class='ocr_par' dir='ltr' id='par_1_18' title="bbox 193 2404 484 2479">
     <span class='ocr_line' id='line_1_24' title="bbox 193 2404 484 2479; baseline 0 -17"><span class='ocrx_word' id='word_1_126' title='bbox 193 2404 333 2479; x_wconf 78' lang='lat' dir='ltr'><strong>Officium.</strong></span> <span class='ocrx_word' id='word_1_127' title='bbox 377 2405 484 2462; x_wconf 88' lang='lat' dir='ltr'><strong>Intret.</strong></span> 
     </span>
    </p>
   </div>
   <div class='ocr_carea' id='block_1_6' title="bbox 190 2485 1331 2643">
    <p class='ocr_par' dir='ltr' id='par_1_19' title="bbox 190 2485 1331 2643">
     <span class='ocr_line' id='line_1_25' title="bbox 217 2486 303 2542; baseline 0 0"><span class='ocrx_word' id='word_1_128' title='bbox 217 2486 279 2542; x_wconf 80' lang='lat' dir='ltr'><strong>rati</strong></span> <span class='ocrx_word' id='word_1_129' title='bbox 297 2531 303 2542; x_wconf 95' lang='lat'><strong>.</strong></span> 
     </span>
     <span class='ocr_line' id='line_1_26' title="bbox 190 2485 1331 2643; baseline -0.003 -19"><span class='ocrx_word' id='word_1_130' title='bbox 190 2485 350 2643; x_wconf 65' lang='lat' dir='ltr'><strong>lienaoqui</strong></span> <span class='ocrx_word' id='word_1_131' title='bbox 371 2567 480 2623; x_wconf 89' lang='lat' dir='ltr'><strong>sanctis</strong></span> <span class='ocrx_word' id='word_1_132' title='bbox 500 2567 560 2623; x_wconf 91' lang='lat' dir='ltr'><strong>tuis</strong></span> <span class='ocrx_word' id='word_1_133' title='bbox 574 2566 684 2623; x_wconf 83' lang='lat' dir='ltr'><strong>Abdon</strong></span> <span class='ocrx_word' id='word_1_134' title='bbox 705 2571 735 2621; x_wconf 92' lang='lat' dir='ltr'><strong>et</strong></span> <span class='ocrx_word' id='word_1_135' title='bbox 757 2564 874 2621; x_wconf 83' lang='lat' dir='ltr'><strong>Sennen</strong></span> <span class='ocrx_word' id='word_1_136' title='bbox 894 2565 931 2621; x_wconf 87' lang='lat' dir='ltr'><strong>ad</strong></span> <span class='ocrx_word' id='word_1_137' title='bbox 952 2565 1027 2622; x_wconf 90' lang='lat' dir='ltr'><strong>hanc</strong></span> <span class='ocrx_word' id='word_1_138' title='bbox 1047 2565 1171 2641; x_wconf 87' lang='lat' dir='ltr'><strong>gloriam</strong></span> <span class='ocrx_word' id='word_1_139' title='bbox 1191 2565 1331 2635; x_wconf 82' lang='lat' dir='ltr'><strong>veniendi</strong></span> 
     </span>
    </p>
   </div>
   <div class='ocr_carea' id='block_1_7' title="bbox 125 2645 1330 3111">
    <p class='ocr_par' dir='ltr' id='par_1_20' title="bbox 125 2645 1330 2867">
     <span class='ocr_line' id='line_1_27' title="bbox 125 2645 1330 2724; baseline -0.002 -19"><span class='ocrx_word' id='word_1_140' title='bbox 125 2648 279 2724; x_wconf 87' lang='lat' dir='ltr'><strong>copiosum</strong></span> <span class='ocrx_word' id='word_1_141' title='bbox 299 2667 408 2704; x_wconf 91' lang='lat' dir='ltr'><strong>munus</strong></span> <span class='ocrx_word' id='word_1_142' title='bbox 428 2647 530 2724; x_wconf 81' lang='lat' dir='ltr'><strong>gratiae</strong></span> <span class='ocrx_word' id='word_1_143' title='bbox 551 2646 721 2718; x_wconf 80' lang='lat' dir='ltr'><strong>contulisti3</strong></span> <span class='ocrx_word' id='word_1_144' title='bbox 745 2647 783 2702; x_wconf 87' lang='lat' dir='ltr'><strong>da</strong></span> <span class='ocrx_word' id='word_1_145' title='bbox 803 2645 923 2702; x_wconf 88' lang='lat' dir='ltr'><strong>famulis</strong></span> <span class='ocrx_word' id='word_1_146' title='bbox 943 2647 1004 2702; x_wconf 89' lang='lat' dir='ltr'><strong>tuis</strong></span> <span class='ocrx_word' id='word_1_147' title='bbox 1025 2651 1194 2703; x_wconf 90' lang='lat' dir='ltr'><strong>nostrorum</strong></span> <span class='ocrx_word' id='word_1_148' title='bbox 1211 2648 1330 2703; x_wconf 82' lang='lat' dir='ltr'><strong>veniam</strong></span> 
     </span>
     <span class='ocr_line' id='line_1_28' title="bbox 126 2727 1330 2800; baseline -0.002 -14"><span class='ocrx_word' id='word_1_149' title='bbox 126 2729 314 2800; x_wconf 88' lang='lat' dir='ltr'><strong>delictorum,</strong></span> <span class='ocrx_word' id='word_1_150' title='bbox 335 2737 370 2785; x_wconf 89' lang='lat' dir='ltr'><strong>ut</strong></span> <span class='ocrx_word' id='word_1_151' title='bbox 391 2735 558 2785; x_wconf 88' lang='lat' dir='ltr'><strong>sanctorum</strong></span> <span class='ocrx_word' id='word_1_152' title='bbox 580 2734 699 2784; x_wconf 91' lang='lat' dir='ltr'><strong>tuorum</strong></span> <span class='ocrx_word' id='word_1_153' title='bbox 723 2727 973 2784; x_wconf 88' lang='lat' dir='ltr'><strong>intercedentibus</strong></span> <span class='ocrx_word' id='word_1_154' title='bbox 994 2728 1118 2799; x_wconf 87' lang='lat' dir='ltr'><strong>meritis,</strong></span> <span class='ocrx_word' id='word_1_155' title='bbox 1136 2729 1174 2784; x_wconf 89' lang='lat' dir='ltr'><strong>ab</strong></span> <span class='ocrx_word' id='word_1_156' title='bbox 1195 2728 1330 2784; x_wconf 82' lang='lat' dir='ltr'><strong>omnibus</strong></span> 
     </span>
     <span class='ocr_line' id='line_1_29' title="bbox 126 2802 1086 2907; baseline -0.004 -40"><span class='ocrx_word' id='word_1_157' title='bbox 126 2829 295 2867; x_wconf 87' lang='lat' dir='ltr'><strong>mereamur</strong></span> <span class='ocrx_word' id='word_1_158' title='bbox 308 2810 536 2867; x_wconf 82' lang='lat' dir='ltr'><strong>adversitatibus</strong></span> <span class='ocrx_word' id='word_1_159' title='bbox 549 2809 676 2867; x_wconf 87' lang='lat' dir='ltr'><strong>liberari.</strong></span> <span class='ocrx_word' id='word_1_160' title='bbox 720 2809 778 2865; x_wconf 86' lang='lat' dir='ltr'><strong>Per</strong></span> <span class='ocrx_word' id='word_1_161' title='bbox 795 2808 965 2907; x_wconf 86' lang='lat' dir='ltr'><strong>Dominum</strong></span> <span class='ocrx_word' id='word_1_162' title='bbox 1083 2802 1086 2808; x_wconf 47' lang='lat'><strong>¹</strong></span> 
     </span>
    </p>

    <p class='ocr_par' dir='ltr' id='par_1_21' title="bbox 190 2891 335 2971">
     <span class='ocr_line' id='line_1_30' title="bbox 190 2891 335 2971; baseline 0 -24"><span class='ocrx_word' id='word_1_163' title='bbox 190 2891 335 2971; x_wconf 78' lang='lat' dir='ltr'><strong>Epistola</strong></span> 
     </span>
    </p>

    <p class='ocr_par' dir='ltr' id='par_1_22' title="bbox 126 2969 1330 3111">
     <span class='ocr_line' id='line_1_31' title="bbox 189 2969 1330 3046; baseline -0.003 -16"><span class='ocrx_word' id='word_1_164' title='bbox 189 2973 369 3030; x_wconf 87' lang='lat' dir='ltr'><strong>Benedictus</strong></span> <span class='ocrx_word' id='word_1_165' title='bbox 404 2972 486 3028; x_wconf 88' lang='lat' dir='ltr'><strong>Deus</strong></span> <span class='ocrx_word' id='word_1_166' title='bbox 517 2977 547 3028; x_wconf 85' lang='lat' dir='ltr'><strong>et</strong></span> <span class='ocrx_word' id='word_1_167' title='bbox 577 2971 668 3028; x_wconf 89' lang='lat' dir='ltr'><strong>Pater</strong></span> <span class='ocrx_word' id='word_1_168' title='bbox 697 2971 820 3028; x_wconf 90' lang='lat' dir='ltr'><strong>Domini</strong></span> <span class='ocrx_word' id='word_1_169' title='bbox 851 2971 947 3027; x_wconf 90' lang='lat' dir='ltr'><strong>nostri</strong></span> <span class='ocrx_word' id='word_1_170' title='bbox 980 2970 1001 3027; x_wconf 86' lang='lat' dir='ltr'><strong>J</strong></span> <span class='ocrx_word' id='word_1_171' title='bbox 1003 2989 1052 3027; x_wconf 91' lang='lat' dir='ltr'><strong>esu</strong></span> <span class='ocrx_word' id='word_1_172' title='bbox 1089 2969 1210 3043; x_wconf 82' lang='lat' dir='ltr'><strong>Ohristi,</strong></span> <span class='ocrx_word' id='word_1_173' title='bbox 1244 2976 1330 3046; x_wconf 87' lang='lat' dir='ltr'><strong>pater</strong></span> 
     </span>
     <span class='ocr_line' id='line_1_32' title="bbox 126 3054 405 3111; baseline -0.011 0"><span class='ocrx_word' id='word_1_174' title='bbox 126 3054 405 3111; x_wconf 86' lang='lat' dir='ltr'><strong>misericordiarum</strong></span> 
     </span>
    </p>
   </div>
   <div class='ocr_carea' id='block_1_8' title="bbox 186 3133 892 3450">
    <p class='ocr_par' dir='ltr' id='par_1_23' title="bbox 191 3133 529 3193">
     <span class='ocr_line' id='line_1_33' title="bbox 191 3133 529 3193; baseline -0.015 0"><span class='ocrx_word' id='word_1_175' title='bbox 191 3135 326 3193; x_wconf 73' lang='lat' dir='ltr'><strong>Gradale.</strong></span> <span class='ocrx_word' id='word_1_176' title='bbox 370 3133 529 3190; x_wconf 86' lang='lat' dir='ltr'><strong>Gloriosus.</strong></span> 
     </span>
    </p>

    <p class='ocr_par' dir='ltr' id='par_1_24' title="bbox 187 3214 645 3290">
     <span class='ocr_line' id='line_1_34' title="bbox 187 3214 645 3290; baseline -0.007 -17"><span class='ocrx_word' id='word_1_177' title='bbox 187 3215 338 3290; x_wconf 86' lang='lat' dir='ltr'><strong>Alleluya.</strong></span> <span class='ocrx_word' id='word_1_178' title='bbox 388 3215 416 3271; x_wconf 77' lang='lat' dir='ltr'><strong>V.</strong></span> <span class='ocrx_word' id='word_1_179' title='bbox 440 3214 645 3271; x_wconf 82' lang='lat' dir='ltr'><strong>Tradiderunt.</strong></span> 
     </span>
    </p>

    <p class='ocr_par' dir='ltr' id='par_1_25' title="bbox 186 3295 892 3450">
     <span class='ocr_line' id='line_1_35' title="bbox 186 3295 892 3371; baseline -0.003 -19"><span class='ocrx_word' id='word_1_180' title='bbox 186 3295 391 3370; x_wconf 60' lang='lat' dir='ltr'><strong>Evangeliam.</strong></span> <span class='ocrx_word' id='word_1_181' title='bbox 434 3295 554 3365; x_wconf 85' lang='lat' dir='ltr'><strong>Videte,</strong></span> <span class='ocrx_word' id='word_1_182' title='bbox 569 3315 607 3351; x_wconf 91' lang='lat' dir='ltr'><strong>ne</strong></span> <span class='ocrx_word' id='word_1_183' title='bbox 621 3296 687 3371; x_wconf 89' lang='lat' dir='ltr'><strong>quis</strong></span> <span class='ocrx_word' id='word_1_184' title='bbox 701 3314 751 3351; x_wconf 81' lang='lat' dir='ltr'><strong>vos</strong></span> <span class='ocrx_word' id='word_1_185' title='bbox 766 3295 892 3352; x_wconf 86' lang='lat' dir='ltr'><strong>seducat.</strong></span> 
     </span>
     <span class='ocr_line' id='line_1_36' title="bbox 190 3377 582 3450; baseline -0.01 -15"><span class='ocrx_word' id='word_1_186' title='bbox 190 3377 384 3450; x_wconf 81' lang='lat' dir='ltr'><strong>Offerlorium.</strong></span> <span class='ocrx_word' id='word_1_187' title='bbox 428 3377 582 3433; x_wconf 86' lang='lat' dir='ltr'><strong>Mirabilis.</strong></span> 
     </span>
    </p>
   </div>
   <div class='ocr_carea' id='block_1_9' title="bbox 187 3458 1327 3613">
    <p class='ocr_par' dir='ltr' id='par_1_26' title="bbox 187 3458 1327 3613">
     <span class='ocr_line' id='line_1_37' title="bbox 187 3458 310 3516; baseline -0.008 -1"><span class='ocrx_word' id='word_1_188' title='bbox 187 3458 310 3516; x_wconf 77' lang='lat' dir='ltr'><strong>Secreta.</strong></span> 
     </span>
     <span class='ocr_line' id='line_1_38' title="bbox 187 3537 1327 3613; baseline -0.001 -18"><span class='ocrx_word' id='word_1_189' title='bbox 187 3539 263 3596; x_wconf 87' lang='lat' dir='ltr'><strong>Haec</strong></span> <span class='ocrx_word' id='word_1_190' title='bbox 297 3537 403 3609; x_wconf 87' lang='lat' dir='ltr'><strong>hostia,</strong></span> <span class='ocrx_word' id='word_1_191' title='bbox 433 3558 608 3613; x_wconf 85' lang='lat' dir='ltr'><strong>quaesumus,</strong></span> <span class='ocrx_word' id='word_1_192' title='bbox 645 3537 782 3607; x_wconf 88' lang='lat' dir='ltr'><strong>Domine,</strong></span> <span class='ocrx_word' id='word_1_193' title='bbox 814 3556 903 3612; x_wconf 87' lang='lat' dir='ltr'><strong>quam</strong></span> <span class='ocrx_word' id='word_1_194' title='bbox 937 3538 970 3593; x_wconf 87' lang='lat' dir='ltr'><strong>in</strong></span> <span class='ocrx_word' id='word_1_195' title='bbox 1003 3543 1172 3593; x_wconf 85' lang='lat' dir='ltr'><strong>sanctorum</strong></span> <span class='ocrx_word' id='word_1_196' title='bbox 1206 3544 1327 3594; x_wconf 85' lang='lat' dir='ltr'><strong>tuorum</strong></span> 
     </span>
    </p>
   </div>
   <div class='ocr_carea' id='block_1_10' title="bbox 124 3617 1328 4099">
    <p class='ocr_par' dir='ltr' id='par_1_27' title="bbox 124 3617 1328 3758">
     <span class='ocr_line' id='line_1_39' title="bbox 124 3617 1328 3692; baseline -0.002 -16"><span class='ocrx_word' id='word_1_197' title='bbox 124 3620 272 3676; x_wconf 85' lang='lat' dir='ltr'><strong>natalitiis</strong></span> <span class='ocrx_word' id='word_1_198' title='bbox 286 3625 471 3676; x_wconf 85' lang='lat' dir='ltr'><strong>recensentes</strong></span> <span class='ocrx_word' id='word_1_199' title='bbox 485 3620 641 3687; x_wconf 86' lang='lat' dir='ltr'><strong>offerimus,</strong></span> <span class='ocrx_word' id='word_1_200' title='bbox 658 3625 688 3675; x_wconf 91' lang='lat' dir='ltr'><strong>et</strong></span> <span class='ocrx_word' id='word_1_201' title='bbox 701 3618 820 3673; x_wconf 85' lang='lat' dir='ltr'><strong>vincula</strong></span> <span class='ocrx_word' id='word_1_202' title='bbox 837 3624 945 3674; x_wconf 67' lang='lat' dir='ltr'><strong>nostrae</strong></span> <span class='ocrx_word' id='word_1_203' title='bbox 965 3618 1123 3692; x_wconf 83' lang='lat' dir='ltr'><strong>pravitatis</strong></span> <span class='ocrx_word' id='word_1_204' title='bbox 1142 3617 1276 3676; x_wconf 88' lang='lat' dir='ltr'><strong>absolvat</strong></span> <span class='ocrx_word' id='word_1_205' title='bbox 1297 3624 1328 3675; x_wconf 92' lang='lat' dir='ltr'><strong>et</strong></span> 
     </span>
     <span class='ocr_line' id='line_1_40' title="bbox 126 3698 1042 3758; baseline -0.003 0"><span class='ocrx_word' id='word_1_206' title='bbox 126 3707 187 3758; x_wconf 85' lang='lat' dir='ltr'><strong>tuae</strong></span> <span class='ocrx_word' id='word_1_207' title='bbox 201 3701 286 3758; x_wconf 91' lang='lat' dir='ltr'><strong>nobis</strong></span> <span class='ocrx_word' id='word_1_208' title='bbox 300 3701 507 3757; x_wconf 66' lang='lat' dir='ltr'><strong>misericordiae</strong></span> <span class='ocrx_word' id='word_1_209' title='bbox 522 3701 599 3756; x_wconf 88' lang='lat' dir='ltr'><strong>dona</strong></span> <span class='ocrx_word' id='word_1_210' title='bbox 612 3698 756 3756; x_wconf 85' lang='lat' dir='ltr'><strong>conciliet.</strong></span> <span class='ocrx_word' id='word_1_211' title='bbox 799 3700 857 3755; x_wconf 90' lang='lat' dir='ltr'><strong>Per</strong></span> <span class='ocrx_word' id='word_1_212' title='bbox 871 3699 1042 3755; x_wconf 88' lang='lat' dir='ltr'><strong>Dominum.</strong></span> 
     </span>
    </p>

    <p class='ocr_par' dir='ltr' id='par_1_28' title="bbox 190 3781 592 3840">
     <span class='ocr_line' id='line_1_41' title="bbox 190 3781 592 3840; baseline -0.01 0"><span class='ocrx_word' id='word_1_213' title='bbox 190 3781 374 3840; x_wconf 80' lang='lat' dir='ltr'><strong>Comoaualo</strong></span> <span class='ocrx_word' id='word_1_214' title='bbox 418 3782 592 3838; x_wconf 86' lang='lat' dir='ltr'><strong>Posuerunt.</strong></span> 
     </span>
    </p>

    <p class='ocr_par' dir='ltr' id='par_1_29' title="bbox 190 3863 432 3920">
     <span class='ocr_line' id='line_1_42' title="bbox 190 3863 432 3920; baseline -0.004 -1"><span class='ocrx_word' id='word_1_215' title='bbox 190 3863 432 3920; x_wconf 77' lang='lat' dir='ltr'><strong>Postcommanio.</strong></span> 
     </span>
    </p>

    <p class='ocr_par' dir='ltr' id='par_1_30' title="bbox 128 3942 1327 4099">
     <span class='ocr_line' id='line_1_43' title="bbox 189 3942 1327 4018; baseline -0.003 -18"><span class='ocrx_word' id='word_1_216' title='bbox 189 3944 246 4000; x_wconf 89' lang='lat' dir='ltr'><strong>Per</strong></span> <span class='ocrx_word' id='word_1_217' title='bbox 259 3945 359 4018; x_wconf 77' lang='lat' dir='ltr'><strong>hujuS,</strong></span> <span class='ocrx_word' id='word_1_218' title='bbox 375 3943 512 4014; x_wconf 89' lang='lat' dir='ltr'><strong>Domine,</strong></span> <span class='ocrx_word' id='word_1_219' title='bbox 528 3943 727 4018; x_wconf 88' lang='lat' dir='ltr'><strong>operationem</strong></span> <span class='ocrx_word' id='word_1_220' title='bbox 746 3942 881 4016; x_wconf 84' lang='lat' dir='ltr'><strong>mysterii</strong></span> <span class='ocrx_word' id='word_1_221' title='bbox 899 3949 929 3998; x_wconf 90' lang='lat' dir='ltr'><strong>et</strong></span> <span class='ocrx_word' id='word_1_222' title='bbox 942 3942 1019 3999; x_wconf 85' lang='lat' dir='ltr'><strong>vitia</strong></span> <span class='ocrx_word' id='word_1_223' title='bbox 1036 3948 1137 3999; x_wconf 89' lang='lat' dir='ltr'><strong>nostra</strong></span> <span class='ocrx_word' id='word_1_224' title='bbox 1155 3948 1327 4018; x_wconf 85' lang='lat' dir='ltr'><strong>purgentur,</strong></span> 
     </span>
     <span class='ocr_line' id='line_1_44' title="bbox 128 4022 1215 4099; baseline -0.003 -18"><span class='ocrx_word' id='word_1_225' title='bbox 128 4031 158 4081; x_wconf 92' lang='lat' dir='ltr'><strong>et</strong></span> <span class='ocrx_word' id='word_1_226' title='bbox 171 4025 424 4082; x_wconf 88' lang='lat' dir='ltr'><strong>intercedentibus</strong></span> <span class='ocrx_word' id='word_1_227' title='bbox 437 4025 546 4082; x_wconf 88' lang='lat' dir='ltr'><strong>sanetis</strong></span> <span class='ocrx_word' id='word_1_228' title='bbox 560 4023 629 4094; x_wconf 88' lang='lat' dir='ltr'><strong>tuis,</strong></span> <span class='ocrx_word' id='word_1_229' title='bbox 641 4024 724 4098; x_wconf 88' lang='lat' dir='ltr'><strong>justa</strong></span> <span class='ocrx_word' id='word_1_230' title='bbox 738 4022 882 4079; x_wconf 87' lang='lat' dir='ltr'><strong>desideria</strong></span> <span class='ocrx_word' id='word_1_231' title='bbox 896 4023 1106 4099; x_wconf 86' lang='lat' dir='ltr'><strong>compleantur.</strong></span> <span class='ocrx_word' id='word_1_232' title='bbox 1151 4023 1215 4080; x_wconf 88' lang='lat' dir='ltr'><strong>Per.</strong></span> 
     </span>
    </p>
   </div>
   <div class='ocr_carea' id='block_1_11' title="bbox 197 4206 1262 4286">
    <p class='ocr_par' dir='ltr' id='par_1_31' title="bbox 197 4206 1262 4286">
     <span class='ocr_line' id='line_1_45' title="bbox 197 4206 1262 4286; baseline -0.004 -19"><span class='ocrx_word' id='word_1_233' title='bbox 197 4210 307 4268; x_wconf 69' lang='lat' dir='ltr'><strong>Sason</strong></span> <span class='ocrx_word' id='word_1_234' title='bbox 330 4209 484 4280; x_wconf 74' lang='lat' dir='ltr'><strong>Genuam,</strong></span> <span class='ocrx_word' id='word_1_235' title='bbox 506 4225 641 4266; x_wconf 78' lang='lat' dir='ltr'><strong>nrrsoom</strong></span> <span class='ocrx_word' id='word_1_236' title='bbox 664 4225 700 4265; x_wconf 84' lang='lat' dir='ltr'><strong>nr</strong></span> <span class='ocrx_word' id='word_1_237' title='bbox 722 4224 928 4266; x_wconf 81' lang='lat' dir='ltr'><strong>oounnssoms.</strong></span> <span class='ocrx_word' id='word_1_238' title='bbox 972 4207 1066 4286; x_wconf 83' lang='lat' dir='ltr'><strong>(Prid.</strong></span> <span class='ocrx_word' id='word_1_239' title='bbox 1083 4208 1153 4264; x_wconf 87' lang='lat' dir='ltr'><strong>Kal.</strong></span> <span class='ocrx_word' id='word_1_240' title='bbox 1170 4206 1262 4284; x_wconf 84' lang='lat' dir='ltr'><strong>Aug.)</strong></span> 
     </span>
    </p>
   </div>
   <div class='ocr_carea' id='block_1_12' title="bbox 191 4332 592 4491">
    <p class='ocr_par' dir='ltr' id='par_1_32' title="bbox 191 4332 592 4491">
     <span class='ocr_line' id='line_1_46' title="bbox 192 4332 537 4408; baseline -0.006 -17"><span class='ocrx_word' id='word_1_241' title='bbox 192 4332 332 4408; x_wconf 79' lang='lat' dir='ltr'><strong>Officium.</strong></span> <span class='ocrx_word' id='word_1_242' title='bbox 376 4333 490 4391; x_wconf 83' lang='lat' dir='ltr'><strong>Statuit</strong></span> <span class='ocrx_word' id='word_1_243' title='bbox 503 4334 537 4390; x_wconf 91' lang='lat' dir='ltr'><strong>ei.</strong></span> 
     </span>
     <span class='ocr_line' id='line_1_47' title="bbox 191 4413 592 4491; baseline 0 -19"><span class='ocrx_word' id='word_1_244' title='bbox 191 4413 299 4473; x_wconf 77' lang='lat' dir='ltr'><strong>Oratio.</strong></span> <span class='ocrx_word' id='word_1_245' title='bbox 344 4414 401 4486; x_wconf 88' lang='lat' dir='ltr'><strong>Da,</strong></span> <span class='ocrx_word' id='word_1_246' title='bbox 416 4434 592 4491; x_wconf 82' lang='lat' dir='ltr'><strong>quaesumus.</strong></span> 
     </span>
    </p>
   </div>
   <div class='ocr_carea' id='block_1_13' title="bbox 0 0 1460 4904">
    <p class='ocr_par' dir='ltr' id='par_1_33' title="bbox 0 0 1460 4904">
     <span class='ocr_line' id='line_1_48' title="bbox 0 0 1460 4904; baseline 0 2"><span class='ocrx_word' id='word_1_247' title='bbox 0 0 1460 4904; x_wconf 95' lang='lat' dir='ltr'><strong> </strong></span> 
     </span>
    </p>
   </div>
  </div>
 </body>
</html>
