2910 4904
202 298 264 358 112
661 292 757 357 Festo
782 290 931 358 Octobris.

200 460 347 536 martyris
362 459 419 517 tibi
432 459 551 531 dicatas,
568 465 598 516 et
611 459 735 515 concede
749 464 783 515 ut
796 459 858 533 ejus
872 459 956 514 nobis
977 458 1038 515 sint
1054 457 1227 515 interventu
1241 458 1396 531 salutares,

195 544 282 617 cujus
296 547 366 598 sunt
379 541 567 597 veneratione
581 540 741 597 sollemnes.
785 539 844 595 Per
857 539 1029 597 Dominum.

262 622 443 681 Corumunio.
487 621 624 697 Quinque
638 621 804 696 prudentes,

262 703 501 761 Postcornrnuniu

262 785 342 853 Quos
365 784 498 854 refecisti,
522 782 658 852 Domine,
683 782 792 838 celesti
815 774 958 849 convitio,
983 782 1075 837 beatae
1100 780 1191 853 Fidis,
1215 780 1345 859 virginis
1369 789 1399 841 et

200 866 338 940 maltyris
358 870 426 934 tuae,
446 865 572 939 juvante
596 863 766 939 patrocinio,
790 882 984 938 supernorum
1008 861 1118 918 civium
1142 862 1188 919 fac
1213 882 1268 920 nos
1291 862 1397 939 dignos

199 947 329 1021 collegio.
357 945 437 1002 'Per¹

362 1091 472 1150 sinen
494 1091 609 1161 iliaci,
632 1106 714 1146 rnre
735 1107 772 1146 nr
793 1106 998 1148 consessores
1043 1089 1134 1168 (Non.
1151 1090 1230 1170 Oct)

263 1214 402 1289 Qfficiura.
446 1213 621 1271 Sacerdotes

264 1296 383 1373 Oratio,¹

261 1376 381 1433 Exaudi
402 1395 501 1450 preces
524 1381 646 1446 nostrae,
666 1395 839 1450 (puaesumus,
862 1375 998 1448 Domine,
1017 1381 1048 1432 ct
1068 1375 1288 1434 interveniente
1310 1378 1397 1435 bento

202 1459 313 1530 Marco,
337 1456 498 1514 confessore
519 1462 571 1512 tuo
593 1462 682 1532 atque
704 1457 850 1532 pontifice,
875 1457 1103 1532 supplicationes
1126 1464 1243 1515 nostras
1265 1458 1395 1517 intends

203 1540 269 1599 Per.

261 1619 405 1678 Memorio
419 1617 553 1674 ilscrcclli
566 1627 591 1672 et
605 1617 731 1692 Apulcii.
775 1618 882 1676 Oratio.

262 1703 436 1759 Sanctorum
447 1704 610 1772 martyrum
621 1705 741 1754 tuorum
754 1717 814 1768 nos,
828 1699 964 1770 Domine,
977 1698 1112 1756 Marcelli
1123 1705 1153 1756 et
1163 1699 1298 1775 Apuleii,
1309 1700 1394 1759 beau

201 1784 307 1839 merita
320 1786 541 1856 prosequantur,
557 1787 587 1834 et
601 1785 653 1834 tuo
667 1798 781 1854 semper
794 1779 904 1836 faciant
917 1799 1015 1836 amore
1029 1780 1185 1838 ferventes.
1229 1780 1298 1839 Per.

260 1861 402 1937 Epistola.
444 1860 549 1916 Plures
563 1859 632 1916 facti
647 1867 716 1915 sunt
731 1860 900 1917 sacerdotes.

263 1942 396 2000 Grculele.
440 1941 549 1997 Inveni
566 1940 672 1996 David.

261 2023 408 2098 Alleluya.
457 2022 485 2079 V.
510 2021 599 2076 Posui
613 2020 800 2095 adjutorium.

260 2103 460 2177 Encolpclium.
504 2101 603 2158 Homo
617 2101 736 2176 quidam
750 2121 877 2177 peregre.

262 2185 454 2258 Qff'crroriuoa
497 2182 606 2239 Inveni
622 2183 726 2239 David.

261 2266 380 2324 Secreto.

258 2347 392 2422 Accepta
411 2345 468 2400 tibi
490 2345 537 2415 sit,
555 2343 690 2415 Domine,
709 2363 796 2401 saeue
818 2344 911 2420 plebis
934 2345 1044 2403 oblatio
1066 2364 1118 2421 pro
1141 2351 1264 2403 tuorum
1285 2346 1392 2404 honore

195 2435 376 2496 sanctorum,
404 2445 530 2501 quorum
564 2445 594 2481 se
628 2425 741 2481 meritis
775 2427 936 2501 percepisse
964 2427 1000 2483 de
1026 2427 1220 2485 tribulatione
1247 2428 1392 2503 cognoscit

195 2509 352 2565 auxilium.
396 2507 454 2563 Per
468 2507 638 2566 Dominum.

260 2590 330 2646 Alie
343 2589 455 2647 Secreto
469 2590 502 2644 dc
517 2587 706 2660 illcrtprihus.

261 2671 450 2746 Majestatem
463 2676 554 2738 tuam,
571 2668 708 2737 Domine,
722 2687 896 2742 quaesumus,
911 2668 972 2725 haec
986 2668 1082 2726 hostia
1095 2669 1200 2726 reddat
1213 2669 1392 2728 immolanda

200 2751 353 2827 placatam,
387 2757 507 2807 tuorum
540 2754 704 2823 martyrum
738 2749 827 2824 digna
863 2750 1060 2824 postulatione
1094 2757 1273 2811 sanctorum.
1336 2750 1393 2810 Per

201 2832 370 2888 Dominum.

262 2912 442 2969 Coruncanio,
485 2910 621 2980 Domine,
638 2910 774 2985 quinque.

260 2993 499 3049 Postrommuain

259 3075 315 3142 Da,
330 3092 505 3148 quesumus,
521 3071 657 3140 Domine,
672 3071 806 3128 fidelibus
820 3071 935 3147 populis
954 3079 1121 3129 sanctorum
1139 3079 1260 3130 tuorum
1278 3092 1391 3151 semper

198 3155 387 3212 veneratione
421 3153 523 3225 laetari,
553 3158 583 3208 et
616 3172 717 3208 eorum
750 3159 890 3228 perpetua
921 3153 1132 3230 supplicatione
1159 3156 1279 3212 muniri,
1324 3154 1391 3213 'Per

200 3235 370 3292 Dominum.

259 3317 329 3372 Alie
343 3314 575 3372 Postcornmuaio
589 3315 623 3370 dc
638 3313 828 3387 inermum.

261 3396 463 3466 Sacramentis,
483 3394 619 3463 Domine,
638 3394 807 3465 munimniu·
828 3395 961 3471 acceptis,
984 3402 1014 3453 et
1035 3403 1202 3454 sanctorum
1226 3403 1389 3473 martyrum

197 3482 316 3534 tuorum
346 3477 480 3534 Marcelli
504 3482 534 3532 et
558 3475 689 3550 Apuleii,
714 3481 815 3530 contra
839 3496 940 3533 omnes
963 3478 1109 3552 nequitias
1133 3478 1279 3536 irruentes
1302 3478 1390 3535 amris

192 3560 360 3615 caelestibus
374 3565 566 3634 protegamur.
612 3556 669 3612 Per
683 3557 852 3613 Dominum.

416 3729 541 3788 Sirena
563 3729 717 3799 Pannona,
739 3744 898 3785 narnosn.
944 3730 1016 3805 (viii
1034 3730 1079 3787 Id.
1096 3731 1175 3809 Oet.)

260 3856 399 3931 (lfficium.
442 3852 592 3911 Dilexisti.

260 3938 367 3996 Oratio.
411 3936 604 4010 Omnipotens
618 3931 794 4007 sempiterne
808 3932 895 3990 Deus

256 4018 396 4094 Epistola.
428 4016 584 4073 Mulierem
598 4014 712 4085 fortem,
729 4034 823 4087 querc
839 4015 869 4070 in
882 4014 966 4072 Festo
980 4016 1065 4073 beata)
1075 4015 1183 4075 Marica
1197 4017 1385 4095 Mepdolcnoe.

259 4099 393 4158 Grrulclc.
435 4096 603 4173 Adjuvabit
616 4113 688 4151 eam.

257 4181 405 4255 Alleluya
455 4179 482 4236 l'.
506 4176 607 4251 Specie
620 4182 680 4231 tua.

255 4261 455 4335 Euri-repedem.
499 4257 601 4315 Simile
615 4262 659 4312 est
672 4275 793 4333 reguum
809 4257 946 4316 caelorum
960 4257 1107 4318 thesauro.

258 4342 450 4414 (pler-tortum.
494 4338 611 4396 Diffusa
623 4342 675 4395 est.

256 4421 434 4482 Communia.
478 4419 628 4477 Dilexisti.
