2910 4904
650 286 767 352 Proeoe.

656 492 775 551 XLIV.

556 615 619 692 (Du
639 614 669 671 S.
691 613 890 693 Bauanroro)

257 729 354 788 Proca
366 732 407 788 ad
420 728 576 805 Sequentia
590 729 690 787 Prota.

257 828 406 902 Alleluya.

195 928 340 985 Osuruur
360 944 407 998 ra,
428 927 573 996 Ouarsra,
587 946 666 983 nunc
680 932 787 984 nostrae
798 946 933 984 camaenae
946 947 1017 986 voce
1031 927 1162 1003 pulchra,

197 1009 256 1078 Qui
268 1008 375 1065 humili
388 1009 471 1083 eligis
485 1009 521 1065 dc
534 1008 638 1064 mundi
651 1007 773 1082 pulvere
786 1027 915 1084 gemmas
928 1009 1066 1086 egregias,

195 1091 342 1166 Angelica
355 1095 385 1146 et
399 1089 480 1145 intra
494 1089 616 1146 collocas
630 1088 760 1145 culmina
773 1088 838 1145 luce
852 1090 969 1162 eximia,

198 1171 279 1240 Quas
291 1171 440 1227 mirantur
449 1169 575 1226 auriflua
588 1189 678 1245 regna
690 1168 836 1226 sublimia.

196 1252 251 1308 Nil
265 1251 312 1308 his
325 1250 427 1308 colunt
437 1259 468 1308 et
481 1251 598 1307 dulcius
611 1249 696 1307 saecla
709 1250 817 1308 fidelia.

197 1334 223 1389 0
238 1352 325 1408 quam
340 1332 452 1407 inclyta
465 1331 547 1389 Deus
561 1333 592 1387 in
603 1351 655 1388 ara
667 1332 762 1388 crucis
775 1332 908 1389 effudisti
920 1332 1039 1404 talenta,

199 1413 338 1469 Gemmas
351 1422 386 1469 ut
399 1414 472 1469 istas
486 1413 547 1470 sola
562 1412 667 1469 Deitas
681 1419 734 1469 tua
746 1413 909 1489 possideret
923 1420 983 1470 tam
998 1413 1152 1490 pulchras:

198 1495 332 1562 Quarum
345 1493 458 1569 puritas
472 1499 525 1550 tua
538 1499 584 1550 est
597 1493 713 1564 caritas,

198 1575 366 1632 Natorum*
382 1575 432 1630 dic
413 1574 513 1650 gnitas
526 1574 589 1631 caeli
602 1583 647 1630 est
660 1575 785 1631 claritas.

198 1655 326 1713 Munera
338 1654 400 1712 haec
414 1655 493 1712 clara
506 1655 602 1711 mittit
614 1661 687 1711 tunc
702 1645 831 1712 Ecclesia
844 1654 908 1722 tibi
923 1655 949 1712 Ο
963 1656 1061 1731 patria
1074 1675 1208 1733 superna

199 1736 395 1811 Quapropter
409 1736 532 1807 exsulta,
542 1735 615 1792 felix
626 1736 651 1792 O
661 1736 810 1807 Paradise‚
820 1736 875 1792 har
876 1756 925 1792 um
936 1737 1139 1812 splendoribus
1147 1757 1307 1796 coruscans

199 1817 331 1874 Gemmis
344 1817 390 1872 his
404 1817 532 1872 mundus
545 1817 679 1892 fulgurat
680 1817 784 1893 ‚polus
797 1823 828 1874 et
841 1818 954 1875 rutilat

200 1899 298 1955 Decus
311 1897 357 1953 bis
370 1898 463 1972 pollet
475 1898 593 1954 radians
607 1898 706 1954 omnia
719 1917 772 1974 pcr
785 1898 889 1954 secula.

199 1979 278 2035 Laus
291 1978 355 2049 tibi,
372 1997 435 2045 rex,
449 1979 488 2034 sit
476 1978 601 2036 tOhrist
590 1987 639 2035 t·e
631 2023 640 2051 ‚
660 1981 746 2035 nobis
759 1991 789 2036 et
809 1999 915 2036 corona
928 1978 1016 2037 detur
1028 1980 1113 2038 alma.

200 2058 308 2118 Sancte
321 2067 406 2135 pater
419 2058 587 2131 Benedicta,
602 2066 636 2116 tu
647 2079 701 2116 nos
715 2060 831 2136 adjuva.

665 2242 764 2300 XLV.

241 2366 335 2422 Proca
348 2382 390 2422 nr:
406 2381 518 2424 seuero
538 2365 720 2424 Aucusrrao
735 2363 794 2442 (ad
807 2363 985 2443 Sequentia)
999 2365 1193 2444 Tympanum.

155 2554 157 2557 Ι
263 2483 411 2560 Alleluya.

201 2582 303 2638 Aura
322 2598 443 2639 aurrua
463 2597 622 2638 urosurau
631 2581 766 2656 jubare‚†
778 2582 885 2639 fratres
900 2582 954 2654 eia,

202 2662 416 2720 Concelebrent
425 2663 487 2738 jam
504 2681 609 2718 sonora

202 2743 303 2800 Iaude
317 2748 419 2800 sancta
432 2743 527 2800 cordis
541 2761 601 2814 ora,

202 2824 404 2881 Confessorem
417 2823 623 2899 Augustinum
637 2823 796 2898 pollentem
812 2822 875 2881 caeli
889 2824 960 2896 vita,

202 2905 370 2981 Sapientem
386 2924 439 2979 pro
453 2905 559 2960 merito
573 2905 694 2979 praemia
707 2923 906 2979 permansura.

203 2986 298 3055 Quem
312 2985 416 3042 multis
429 2986 552 3061 praefore
566 3004 648 3042 sacra
660 2985 731 3042 fecit
744 2985 879 3062 plebibus
892 2986 951 3043 Dei
964 2986 1087 3044 dextra:

203 3066 269 3135 Quo
282 3066 345 3141 ejus
359 3067 465 3142 dogma
477 3072 631 3142 sequentes
644 3077 763 3141 possent
776 3067 915 3123 scandere
928 3066 993 3124 caeli
1006 3068 1089 3125 celsa

202 3147 262 3204 Per
274 3167 361 3222 quem
375 3147 517 3222 plurimas
530 3147 664 3217 virtutes,
679 3147 775 3204 multa
788 3147 931 3205 miracula

203 3228 310 3285 Virtus
324 3228 426 3284 divina
438 3227 509 3284 facit
522 3227 657 3303 plurimis
670 3227 833 3303 profutura

204 3309 231 3366 Ο
245 3309 309 3365 caeli
322 3308 473 3384 splendida
486 3328 610 3384 gemma,
624 3315 723 3364 mente
736 3309 882 3384 poscimus
895 3317 926 3367 te
935 3310 1071 3386 benigna,
1170 3327 1172 3331 ⁴

205 3390 271 3459 Quo
284 3389 378 3446 nostri
392 3390 496 3446 recites
511 3389 629 3446 (lbristo
642 3390 738 3447 cordis
751 3390 801 3465 pia
814 3391 959 3448 desideria
970 3401 989 3463 ;'

205 3470 271 3539 Quo
285 3479 387 3527 sancta
400 3470 464 3526 vita
477 3468 646 3526 decoremur
659 3469 691 3525 in
704 3476 785 3527 terra
797 3477 886 3547 atque
900 3491 1007 3529 corona
1020 3472 1120 3549 requie
1134 3472 1167 3530 in
1179 3473 1266 3532 beata
1277 3493 1286 3547 ;

205 3551 270 3608 Ubi
283 3558 433 3608 cantemus
447 3570 561 3627 semper
574 3550 722 3626 Alleluya.

667 3723 786 3782 XLVI.

535 3843 597 3924 (Da
618 3845 646 3903 S.
669 3845 920 3926 AErnanuouno.)

185 3957 235 4014 Ad
248 3952 405 4031 Sequentia
419 3955 487 4028 Via,
503 3954 580 4012 Lux.

187 4054 334 4130 Alleluya

124 4154 237 4210 Launa
257 4169 412 4209 cunssuar
432 4167 494 4209 vox
508 4169 624 4227 quoque
638 4149 802 4207 Dominum
812 4150 972 4224 dulcisona,

126 4234 188 4304 Qui
201 4235 232 4290 in
243 4234 303 4290 suis
317 4232 461 4290 mirabilis
474 4238 519 4288 est
529 4232 647 4303 sanetis,
662 4237 764 4289 eorum
778 4232 851 4290 dans
864 4235 977 4292 meritis
990 4254 1097 4312 magna
1107 4235 1275 4311 mirabilia3

126 4316 188 4386 Qui
200 4334 253 4392 per
265 4320 329 4373 tota
342 4313 545 4391 splendificant
559 4312 664 4370 saeculu
676 4319 773 4370 astrea
785 4313 907 4373 mirifice
921 4316 1004 4373 velut
1016 4316 1183 4376 luminaria

422 4430 625 4480 'Md-Natum.
833 4433 847 4495 l
861 4433 1034 4496 list-jubere.
