2910 4904
261 323 310 388 Ia
332 322 456 388 Natali
477 322 587 389 sancti
609 322 782 388 Jobannc's
804 320 1055 388 Becerlneensia
1199 322 1261 386 229

55 491 176 567 deliqui,
192 490 420 567 cogitationibus
433 490 534 566 pravis
547 496 578 547 et
599 490 722 562 illicitis,
736 490 850 547 minore
871 488 1038 547 reverentia
1058 494 1088 544 et
1103 487 1261 544 devotione

54 592 144 648 quam
166 573 263 643 debui,
278 577 356 643 actu,
372 572 421 628 vel
442 571 501 628 alia
523 571 712 648 negligentia,
726 571 884 628 iteratione
897 571 1056 627 verborum
1070 569 1118 624 vel
1140 587 1260 643 corrup·

54 655 136 710 tione
163 660 216 710 aut
244 653 434 710 distractione
456 652 623 723 verborum,
645 653 763 722 mentia,
780 651 829 708 vel
855 669 1030 727 quocunque
1057 649 1154 717 modo,
1175 655 1261 704 tuam

54 735 270 791 sanctissimam
291 734 434 810 pietatem
455 732 590 808 imploro,
606 739 751 807 quatenus
774 731 849 788 mihi
871 732 1030 788 clementer
1051 729 1214 806 indulgere,
1230 734 1262 785 et

54 834 102 871 me
122 815 291 891 plenissime
311 815 349 871 ab
370 813 418 870 his
439 819 470 870 et
491 813 529 870 ab
554 813 691 870 omnibus
712 812 839 889 peccatis
859 812 932 869 meis
952 811 1081 886 digneris
1100 808 1259 867 absolvere.

55 895 196 964 Quicum
211 895 277 952 Deo
291 894 382 952 Patre
395 900 426 952 et
440 894 555 970 Spiritu
576 894 684 952 Sancto
704 894 782 950 rivis
800 900 831 951 et
850 912 955 970 regnas
975 891 1066 964 Deua,
1082 890 1141 949 Per
1162 889 1262 947 omnia

56 976 164 1033 saecula
177 975 357 1033 saeculorum.
401 976 510 1032 Amen.

540 1187 631 1245 From
652 1186 717 1244 MS.
741 1187 779 1244 D.

135 1311 175 1367 In
196 1310 320 1368 Natam
342 1325 448 1367 sanem
469 1309 629 1368 Joflmtls
651 1309 913 1380 Bavaamcsnsm,
936 1325 1176 1367 anemamscoru

75 1454 79 1458 ’
119 1454 259 1530 Officium.
304 1455 418 1513 Statuit
432 1455 460 1513 ei
474 1453 563 1514 Deus.

121 1537 230 1594 Oratio.

119 1617 209 1689 Deus,
239 1617 352 1674 virtute
380 1618 463 1693 cujus
489 1618 593 1674 beatus
620 1617 773 1675 Johannes
799 1617 934 1694 pontifex
961 1617 1111 1675 miraculis
1138 1617 1261 1693 insignis

56 1697 176 1767 enituit,
191 1699 350 1774 suffragare
369 1699 603 1774 supplicantibus
621 1699 713 1769 nobis,
729 1704 765 1755 ut
781 1700 834 1775 qui
853 1699 1049 1756 miserationis
1062 1705 1121 1756 tuae
1135 1699 1262 1775 gratiam

56 1781 195 1856 petimus,
215 1780 304 1854 ipsius
327 1779 500 1836 interventu
522 1781 559 1836 ab
584 1780 665 1836 omni
684 1780 828 1837 vitiorum
850 1781 1076 1858 inquinamento
1099 1780 1187 1837 citius
1210 1799 1261 1836 ex·

56 1861 181 1937 piemur.
224 1860 283 1916 Per
297 1861 466 1917 Dominum.

119 1941 260 2016 Epistola.
305 1940 397 1997 Dedit
411 1941 557 1998 Dominus
571 1941 791 2001 consessoribus.

121 2021 256 2079 Gredcle.
299 2020 409 2077 Inveni
423 2021 528 2079 David.

42 2133 48 2146 ·
119 2102 267 2178 Alleluya.
318 2103 346 2159 l'.
368 2096 475 2160 Justus
488 2103 672 2180 germinabit.

120 2183 322 2257 Evangeliam.
366 2182 453 2241 Misit
466 2184 488 2241 J
489 2203 555 2240 esus
569 2183 728 2242 duodecim.

122 2263 262 2338 Officium.
305 2264 434 2320 Veritas.

121 2346 241 2403 Secreta.

120 2426 296 2502 Propitiare‚
311 2445 488 2502 quaesumus,
510 2425 647 2498 Domine,
669 2427 755 2484 nobis
782 2426 900 2484 famulis
924 2426 985 2483 tuis
1009 2446 1062 2503 per
1085 2426 1262 2484 sanctissimi

60 2507 233 2564 confessoris
254 2507 302 2564 tui
325 2514 414 2583 atque
438 2508 585 2583 pontificis
609 2506 758 2565 Johannis
780 2508 887 2565 merita
910 2508 1043 2583 gloriosa,
1067 2513 1103 2565 ut
1127 2508 1189 2582 ejus
1212 2507 1262 2584 pia

60 2588 269 2645 intercessione
283 2588 320 2645 ab
334 2589 470 2645 omnibus
484 2608 599 2664 semper
611 2589 801 2666 protegamur
814 2589 952 2646 adversis.
995 2588 1054 2646 Per
1068 2589 1238 2645 Dominum.

123 2669 303 2728 communio.
347 2669 458 2726 Beatus
471 2688 579 2727 servus.

121 2749 362 2807 Poatcommunio.

123 2830 212 2902 Deus,
242 2830 295 2906 qui
322 2830 482 2888 Ecclesiam
509 2837 592 2887 tuam
619 2831 734 2889 meritis
768 2837 799 2890 et
829 2831 1011 2889 orationibus
1042 2830 1189 2908 pontificis
1215 2831 1263 2887 tui

60 2911 82 2968 J
83 2911 209 2968 ohannis
222 2911 345 2968 mirifico
359 2912 512 2988 splendore
525 2912 674 2985 clarificas,
684 2914 808 2971 concede
820 2913 973 2990 propitius,
985 2919 1020 2970 ut
1031 2913 1083 2988 qui
1092 2911 1263 2969 memoriam

61 2992 143 3049 illins
162 3011 337 3049 veneramur
358 2992 390 3048 in
412 2994 507 3065 terris,
522 2993 744 3052 intercessorem
767 2995 847 3071 apud
865 3000 896 3052 te
918 3013 1082 3052 mereamur
1102 2993 1210 3051 habere
1229 2992 1263 3049 in

62 3073 147 3130 caelis.
190 3072 249 3130 Per·
262 3070 433 3130 Dominum.

223 3165 386 3241 Sequentia.

416 3245 614 3317 Exsultemus
631 3253 662 3306 et
674 3248 817 3321 laetemur,

413 3328 454 3384 Et
467 3328 572 3386 devote
586 3349 769 3401 veneremur,

413 3408 559 3466 Venerari
573 3430 661 3486 quem
674 3417 811 3468 tenemur

452 3490 475 3547 J
476 3491 622 3548 ohannem
636 3492 813 3567 pontificem.

412 3571 522 3627 Virum
537 3571 601 3629 Deo
615 3579 826 3644 consecratum,

412 3651 523 3708 Virum
536 3652 594 3709 fide
608 3653 787 3725 roboratum,

413 3732 524 3788 Virum
538 3732 626 3809 digne
639 3733 827 3790 sublevatum

453 3812 592 3870 Praesulis
605 3814 642 3871 ad
656 3814 775 3890 apicem.

414 3894 487 3951 Erat
500 3895 578 3950 enim
592 3895 641 3951 vir
653 3895 778 3972 insignis

413 3974 452 4030 In
466 3975 628 4032 virtutibus
642 3982 673 4032 et
686 3975 785 4052 signis,

414 4056 509 4125 Quem
522 4055 618 4113 divini
632 4056 769 4134 splendor
781 4057 858 4135 ignis

454 4136 493 4194 In
507 4136 649 4195 columbae
662 4138 757 4213 specie

414 4217 625 4291 Circumfulsit,
639 4218 710 4276 dum
724 4218 844 4290 orabat3

414 4298 494 4356 Dum
508 4318 559 4356 cor
571 4298 699 4357 lacrimis
712 4300 885 4374 mundabat,

415 4378 496 4435 Dum
510 4399 540 4437 se
553 4387 651 4437 totum
666 4380 838 4439 immolabat

455 4461 584 4518 Auctori
593 4461 726 4537 justitiae.
