2910 4904
339 278 342 282 Ι
406 306 455 370 Ia
470 305 592 392 Natali
609 305 847 390 plurimorum
860 307 1064 393 Martyrum.
1269 313 1331 375 143

195 472 353 612 {ibdlntbie
363 554 376 630 j
415 554 440 612 ti
453 554 487 610 in
501 554 631 611 Domino
643 575 649 611 :
671 560 764 613 rectos
778 556 863 614 decet
876 556 1061 614 collaudatio,

195 651 289 709 Aliud
304 651 446 727 Officium.

195 732 280 790 Salus
295 740 394 790 autem
404 734 554 808 justorum
568 753 586 790 a
599 733 747 792 Domino:
768 741 800 792 et
812 740 962 810 protector
976 755 1079 792 eorum
1096 742 1140 793 est
1154 735 1330 812 intempore

133 813 345 871 tribulationis.

194 906 340 984 Psalmus.
1051 971 1053 975 7

194 987 268 1044 Noli
289 987 422 1044 aemulari
444 987 478 1044 in
501 987 749 1063 malignantibus:
781 1008 876 1065 neque
900 988 1039 1046 zelaveris
1062 989 1202 1047 facientes
1224 990 1330 1066 iniqui-

133 1074 234 1125 tatem.

193 1148 290 1206 Aliud
305 1148 445 1223 Officium.

192 1229 294 1287 Sancti
307 1231 363 1301 tui,
378 1229 516 1301 Domine,
531 1229 705 1287 benedicent
718 1236 767 1288 te:
787 1230 912 1308 gloriam
925 1231 1011 1308 regni
1023 1232 1071 1288 tui
1084 1233 1192 1290 dicent.

191 1309 234 1367 Ira
248 1320 370 1384 tempore
383 1310 528 1381 Pcscltcla}
544 1311 694 1386 Alleluya‚
710 1311 845 1386 alleluya.

191 1403 338 1461 Psalmus.

192 1485 341 1542 Exultabo
354 1491 393 1556 te,
410 1485 491 1541 Deus
504 1505 595 1557 meus,
611 1505 682 1543 rex:
703 1492 734 1543 et
747 1486 918 1544 benedicam
935 1486 1050 1544 nomini
1063 1492 1116 1544 tuo
1130 1487 1168 1543 in·
1179 1487 1327 1558 saeculum,

132 1565 209 1623 etin
222 1565 362 1622 saeculum
376 1565 481 1624 saeculi

192 1646 287 1703 Aliud
305 1645 445 1721 Officium.

192 1727 346 1803 Loquetur
360 1728 506 1784 Dominus
524 1747 625 1802 pacem
647 1728 680 1784 in
699 1729 815 1805 plebem
836 1748 920 1786 suam
933 1734 964 1785 et
977 1748 1064 1804 super
1077 1735 1193 1786 sanctos
1206 1748 1281 1802 suos,
1296 1735 1328 1787 et

132 1808 165 1864 in
179 1827 228 1866 ecs
241 1808 295 1883 qui
307 1815 523 1866 convertuntur
536 1828 586 1866 cor
599 1809 754 1885 adipsum.

192 1900 338 1958 Patous.

192 1981 387 2054 Benedixisti,
403 1981 540 2051 Domine,
554 1988 664 2040 terram
678 1988 780 2040 tuam:
804 1982 942 2040 avertisti
955 1983 1158 2059 captivitatem
1172 1984 1274 2042 Jacob.

191 2061 288 2119 Aliud
302 2062 443 2137 Officium.

191 2143 300 2200 Multae
327 2143 534 2200 tribulationes
564 2145 723 2219 justorum,
753 2151 784 2201 et
810 2144 846 2201 de
873 2144 920 2201 his
943 2145 1081 2207 omnibus
1114 2145 1252 2203 liberabit
1278 2166 1327 2204 eos

131 2224 297 2282 Dominus:
329 2225 476 2281 Dominus
500 2224 628 2281 custodit
652 2225 751 2282 omnia
775 2245 838 2282 ossa
860 2245 980 2282 eorum:
1009 2246 1104 2282 unum
1128 2246 1165 2283 ex
1192 2226 1238 2283 his
1265 2247 1325 2285 non

131 2311 306 2363 conteretur.

188 2385 231 2443 Ira
245 2395 367 2460 tempore
380 2386 526 2456 Pascltult',
541 2386 690 2463 Alleluya.

188 2467 336 2525 Paulmus.
981 2528 983 2530 .

188 2548 368 2613 Benedicam
382 2546 545 2604 Dominum
558 2548 592 2605 in
605 2548 687 2605 omni
699 2554 848 2624 tempore:
869 2567 983 2624 semper
996 2548 1060 2604 laus
1074 2549 1137 2624 ejus
1146 2547 1180 2604 in
1190 2568 1240 2605 ore
1250 2568 1321 2607 meo.

186 2628 286 2685 Aliud
299 2628 440 2703 Officium.

186 2709 304 2766 Timete
318 2709 490 2780 Dominum,
506 2729 605 2767 omnes
619 2710 713 2768 sancti
727 2711 798 2786 ejus,
814 2709 950 2786 quoniam
965 2709 1041 2765 nihil
1054 2710 1136 2767 deest
1149 2709 1323 2767 timentibus

127 2809 194 2846 eum
206 2811 213 2847 :
227 2789 336 2847 divites
350 2798 495 2866 eguerunt
514 2796 545 2848 et
567 2791 742 2863 esurierunt,
757 2792 941 2867 inquirentes
962 2796 1063 2848 autem
1077 2790 1240 2847 Dominum
1262 2811 1323 2848 non

128 2871 266 2928 deficient
281 2871 362 2927 omni
375 2872 459 2928 bono.

185 2950 230 3007 In
244 2961 367 3027 tenpore
380 2952 525 3024 Pactoli,
541 2952 691 3029 Alleluya.

186 3043 335 3102 Paubmas.

186 3125 365 3183 Benedicam
387 3125 551 3183 Dominum
572 3127 604 3183 in
627 3127 708 3184 omni
730 3132 878 3202 tempore:
908 3145 1022 3202 semper
1045 3126 1110 3183 laus
1131 3127 1194 3202 ejus
1216 3126 1248 3182 in
1272 3146 1321 3185 ore

127 3224 199 3263 meo.

184 3286 283 3343 Aliud
298 3285 437 3361 Officium.

184 3366 209 3424 J
210 3367 372 3425 udicabunt
400 3368 494 3425 sancti
516 3374 626 3443 gentes,
655 3375 686 3426 et
713 3368 946 3426 dominabuntur
971 3368 1095 3445 populis,
1124 3374 1155 3425 et
1185 3369 1320 3444 regnabit

127 3448 276 3505 Dominus
290 3449 372 3506 Deus
386 3449 506 3506 illorum
518 3451 552 3505 in
564 3455 748 3526 perpetuum

185 3529 333 3586 Psubuus.

184 3610 344 3667 Exsultate
353 3610 430 3686 justi
443 3611 476 3666 in
490 3610 637 3668 Domino:
659 3617 759 3668 rectos·
768 3611 852 3668 decet
865 3610 1049 3683 collaudatio

185 3702 283 3759 Aliud
299 3702 436 3777 Officium.

184 3783 271 3840 Justi
294 3784 452 3860 epulentur
475 3791 506 3842 et
527 3785 676 3843 exsultent
699 3785 732 3841 in
752 3789 909 3860 conspectu
930 3784 1006 3841 Dei:
1033 3790 1064 3842 et
1084 3784 1268 3843 delectentur
1287 3786 1318 3842 in

126 3863 237 3920 laetitia

185 3944 330 4003 Psalmaa.

184 4025 336 4101 Exsurgat
358 4027 448 4097 Deus,
465 4033 496 4084 et
509 4027 691 4104 dissipentur
712 4026 826 4085 inimici
848 4028 927 4103 ejus:
950 4033 980 4084 ct
994 4027 1111 4104 fugiant
1125 4028 1178 4102 qui
1192 4027 1317 4084 oderunt

125 4125 190 4162 eum
207 4105 313 4164 afacie
327 4108 397 4184 ejus.

186 4186 297 4246 Oratio.

183 4268 276 4343 Deus,
304 4269 357 4346 qui
382 4289 435 4328 nos
462 4272 594 4329 concedis
621 4277 789 4329 sanctorum
816 4276 982 4344 martyrum
1008 4275 1126 4326 tuorum
1155 4269 1193 4326 N.
1220 4275 1251 4326 et
1274 4269 1314 4327 N.

124 4350 261 4408 natalitia
288 4351 393 4424 colere,
418 4353 563 4410 danobis
589 4353 622 4409 in
646 4358 756 4411 aeterna
782 4352 966 4411 beatitudine
993 4350 1030 4408 de
1054 4369 1154 4407 eorum
1178 4351 1316 4410 societate

125 4431 257 4504 gaudere.
302 4431 368 4490 Per.
