<?xml version="1.0" encoding="UTF-8"?>
<!DOCTYPE html PUBLIC "-//W3C//DTD XHTML 1.0 Transitional//EN"
    "http://www.w3.org/TR/xhtml1/DTD/xhtml1-transitional.dtd">
<html xmlns="http://www.w3.org/1999/xhtml" xml:lang="en" lang="en">
 <head>
  <title>
</title>
<meta http-equiv="Content-Type" content="text/html;charset=utf-8" />
  <meta name='ocr-system' content='tesseract 3.04.00' />
  <meta name='ocr-capabilities' content='ocr_page ocr_carea ocr_par ocr_line ocrx_word'/>
</head>
<body>
  <div class='ocr_page' id='page_1' title='image "./missaleadusumin01churgoog_0069.png"; bbox 0 0 2910 4904; ppageno 0'>
   <div class='ocr_carea' id='block_1_1' title="bbox 146 284 857 377">
    <p class='ocr_par' dir='ltr' id='par_1_1' title="bbox 146 284 857 377">
     <span class='ocr_line' id='line_1_1' title="bbox 146 284 857 377; baseline 0.001 -2"><span class='ocrx_word' id='word_1_1' title='bbox 146 315 188 376; x_wconf 74' lang='lat'>40</span> <span class='ocrx_word' id='word_1_2' title='bbox 507 284 509 290; x_wconf 28' lang='grc' dir='ltr'>Ι</span> <span class='ocrx_word' id='word_1_3' title='bbox 631 313 727 377; x_wconf 80' lang='lat' dir='ltr'>Festo</span> <span class='ocrx_word' id='word_1_4' title='bbox 740 312 857 377; x_wconf 69' lang='lat' dir='ltr'>Juetl.</span> 
     </span>
    </p>
   </div>
   <div class='ocr_carea' id='block_1_2' title="bbox 144 476 1350 942">
    <p class='ocr_par' dir='ltr' id='par_1_2' title="bbox 206 476 843 557">
     <span class='ocr_line' id='line_1_2' title="bbox 206 476 843 557; baseline 0 -20"><span class='ocrx_word' id='word_1_5' title='bbox 206 476 386 538; x_wconf 74' lang='lat' dir='ltr'>Communia</span> <span class='ocrx_word' id='word_1_6' title='bbox 429 478 564 550; x_wconf 84' lang='lat' dir='ltr'>Domine,</span> <span class='ocrx_word' id='word_1_7' title='bbox 578 479 709 557; x_wconf 89' lang='lat' dir='ltr'>quinque</span> <span class='ocrx_word' id='word_1_8' title='bbox 722 479 843 537; x_wconf 82' lang='lat' dir='ltr'>talenta</span> 
     </span>
    </p>

    <p class='ocr_par' dir='ltr' id='par_1_3' title="bbox 205 560 447 619">
     <span class='ocr_line' id='line_1_3' title="bbox 205 560 447 619; baseline 0.012 -4"><span class='ocrx_word' id='word_1_9' title='bbox 205 560 447 619; x_wconf 77' lang='lat' dir='ltr'>Postcommaoio.</span> 
     </span>
    </p>

    <p class='ocr_par' dir='ltr' id='par_1_4' title="bbox 144 640 1350 942">
     <span class='ocr_line' id='line_1_4' title="bbox 205 640 1349 718; baseline 0.001 -22"><span class='ocrx_word' id='word_1_10' title='bbox 205 640 317 697; x_wconf 73' lang='lat' dir='ltr'>Mensae</span> <span class='ocrx_word' id='word_1_11' title='bbox 336 641 458 699; x_wconf 84' lang='lat' dir='ltr'>eoelestis</span> <span class='ocrx_word' id='word_1_12' title='bbox 478 641 703 718; x_wconf 71' lang='lat' dir='ltr'>participatione</span> <span class='ocrx_word' id='word_1_13' title='bbox 723 641 853 718; x_wconf 84' lang='lat' dir='ltr'>vegetati</span> <span class='ocrx_word' id='word_1_14' title='bbox 875 641 1019 718; x_wconf 88' lang='lat' dir='ltr'>supplices</span> <span class='ocrx_word' id='word_1_15' title='bbox 1040 647 1071 698; x_wconf 92' lang='lat' dir='ltr'>te</span> <span class='ocrx_word' id='word_1_16' title='bbox 1092 642 1239 716; x_wconf 84' lang='lat' dir='ltr'>rogamus,</span> <span class='ocrx_word' id='word_1_17' title='bbox 1254 640 1349 698; x_wconf 92' lang='lat' dir='ltr'>omni-</span> 
     </span>
     <span class='ocr_line' id='line_1_5' title="bbox 145 722 1350 800; baseline 0.002 -23"><span class='ocrx_word' id='word_1_18' title='bbox 145 726 249 797; x_wconf 88' lang='lat' dir='ltr'>potens</span> <span class='ocrx_word' id='word_1_19' title='bbox 263 722 354 794; x_wconf 89' lang='lat' dir='ltr'>Deus,</span> <span class='ocrx_word' id='word_1_20' title='bbox 369 729 403 779; x_wconf 92' lang='lat' dir='ltr'>ut</span> <span class='ocrx_word' id='word_1_21' title='bbox 424 723 499 796; x_wconf 85' lang='lat' dir='ltr'>sicut</span> <span class='ocrx_word' id='word_1_22' title='bbox 516 723 552 780; x_wconf 88' lang='lat' dir='ltr'>de</span> <span class='ocrx_word' id='word_1_23' title='bbox 571 723 652 795; x_wconf 84' lang='lat' dir='ltr'>beati</span> <span class='ocrx_word' id='word_1_24' title='bbox 665 722 830 800; x_wconf 84' lang='lat' dir='ltr'>Augustini</span> <span class='ocrx_word' id='word_1_25' title='bbox 850 728 993 798; x_wconf 83' lang='lat' dir='ltr'>perpetua</span> <span class='ocrx_word' id='word_1_26' title='bbox 1012 722 1224 798; x_wconf 85' lang='lat' dir='ltr'>glorificatione</span> <span class='ocrx_word' id='word_1_27' title='bbox 1245 740 1350 779; x_wconf 76' lang='lat' dir='ltr'>annua</span> 
     </span>
     <span class='ocr_line' id='line_1_6' title="bbox 144 802 1349 880; baseline 0.002 -23"><span class='ocrx_word' id='word_1_28' title='bbox 144 802 315 859; x_wconf 73' lang='lat' dir='ltr'>celebritate</span> <span class='ocrx_word' id='word_1_29' title='bbox 327 803 496 879; x_wconf 84' lang='lat' dir='ltr'>gaudemus,</span> <span class='ocrx_word' id='word_1_30' title='bbox 512 804 556 860; x_wconf 89' lang='lat' dir='ltr'>ita</span> <span class='ocrx_word' id='word_1_31' title='bbox 570 804 648 880; x_wconf 85' lang='lat' dir='ltr'>apud</span> <span class='ocrx_word' id='word_1_32' title='bbox 662 810 693 861; x_wconf 92' lang='lat' dir='ltr'>te</span> <span class='ocrx_word' id='word_1_33' title='bbox 705 804 798 880; x_wconf 88' lang='lat' dir='ltr'>ipsius</span> <span class='ocrx_word' id='word_1_34' title='bbox 811 803 1017 861; x_wconf 78' lang='lat' dir='ltr'>intercessione</span> <span class='ocrx_word' id='word_1_35' title='bbox 1033 803 1070 859; x_wconf 87' lang='lat' dir='ltr'>ab</span> <span class='ocrx_word' id='word_1_36' title='bbox 1084 802 1165 860; x_wconf 87' lang='lat' dir='ltr'>omni</span> <span class='ocrx_word' id='word_1_37' title='bbox 1178 821 1349 860; x_wconf 83' lang='lat' dir='ltr'>mereamur</span> 
     </span>
     <span class='ocr_line' id='line_1_7' title="bbox 145 882 660 942; baseline 0.006 -3"><span class='ocrx_word' id='word_1_38' title='bbox 145 882 322 941; x_wconf 85' lang='lat' dir='ltr'>adversitate</span> <span class='ocrx_word' id='word_1_39' title='bbox 336 883 461 942; x_wconf 84' lang='lat' dir='ltr'>defendi.</span> <span class='ocrx_word' id='word_1_40' title='bbox 504 885 569 942; x_wconf 89' lang='lat' dir='ltr'>Per.</span> <span class='ocrx_word' id='word_1_41' title='bbox 658 914 660 919; x_wconf 95' lang='lat'>·</span> 
     </span>
    </p>
   </div>
   <div class='ocr_carea' id='block_1_3' title="bbox 246 1120 1245 1200">
    <p class='ocr_par' dir='ltr' id='par_1_5' title="bbox 246 1120 1245 1200">
     <span class='ocr_line' id='line_1_8' title="bbox 246 1120 1245 1200; baseline -0.004 -16"><span class='ocrx_word' id='word_1_42' title='bbox 246 1127 358 1184; x_wconf 74' lang='lat' dir='ltr'>Sauorr</span> <span class='ocrx_word' id='word_1_43' title='bbox 380 1126 536 1197; x_wconf 72' lang='lat' dir='ltr'>Genuam,</span> <span class='ocrx_word' id='word_1_44' title='bbox 559 1142 694 1183; x_wconf 83' lang='lat' dir='ltr'>nrrscorr</span> <span class='ocrx_word' id='word_1_45' title='bbox 715 1141 752 1180; x_wconf 85' lang='lat' dir='ltr'>nr</span> <span class='ocrx_word' id='word_1_46' title='bbox 772 1139 980 1182; x_wconf 81' lang='lat' dir='ltr'>conrrssorus.</span> <span class='ocrx_word' id='word_1_47' title='bbox 1017 1120 1054 1200; x_wconf 85' lang='lat' dir='ltr'>(v.</span> <span class='ocrx_word' id='word_1_48' title='bbox 1072 1121 1142 1179; x_wconf 91' lang='lat' dir='ltr'>Kal.</span> <span class='ocrx_word' id='word_1_49' title='bbox 1157 1121 1245 1200; x_wconf 85' lang='lat' dir='ltr'>Jun)</span> 
     </span>
    </p>
   </div>
   <div class='ocr_carea' id='block_1_4' title="bbox 207 1279 619 1518">
    <p class='ocr_par' dir='ltr' id='par_1_6' title="bbox 207 1279 619 1518">
     <span class='ocr_line' id='line_1_9' title="bbox 210 1279 554 1354; baseline 0.003 -16"><span class='ocrx_word' id='word_1_50' title='bbox 210 1279 349 1354; x_wconf 77' lang='lat' dir='ltr'>Officium.</span> <span class='ocrx_word' id='word_1_51' title='bbox 392 1281 507 1338; x_wconf 83' lang='lat' dir='ltr'>Statuit</span> <span class='ocrx_word' id='word_1_52' title='bbox 520 1281 554 1339; x_wconf 92' lang='lat' dir='ltr'>ei.</span> 
     </span>
     <span class='ocr_line' id='line_1_10' title="bbox 208 1361 607 1438; baseline -0.003 -19"><span class='ocrx_word' id='word_1_53' title='bbox 208 1361 317 1419; x_wconf 77' lang='lat' dir='ltr'>Oratio.</span> <span class='ocrx_word' id='word_1_54' title='bbox 362 1362 418 1430; x_wconf 86' lang='lat' dir='ltr'>Da,</span> <span class='ocrx_word' id='word_1_55' title='bbox 433 1381 607 1438; x_wconf 82' lang='lat' dir='ltr'>quaesumus.</span> 
     </span>
     <span class='ocr_line' id='line_1_11' title="bbox 207 1442 619 1518; baseline 0.002 -20"><span class='ocrx_word' id='word_1_56' title='bbox 207 1442 347 1518; x_wconf 76' lang='lat' dir='ltr'>Epistola.</span> <span class='ocrx_word' id='word_1_57' title='bbox 391 1443 467 1501; x_wconf 88' lang='lat' dir='ltr'>Ecce</span> <span class='ocrx_word' id='word_1_58' title='bbox 480 1442 619 1500; x_wconf 80' lang='lat' dir='ltr'>sacerdos</span> 
     </span>
    </p>
   </div>
   <div class='ocr_carea' id='block_1_5' title="bbox 170 1523 618 1681">
    <p class='ocr_par' dir='ltr' id='par_1_7' title="bbox 170 1523 618 1681">
     <span class='ocr_line' id='line_1_12' title="bbox 209 1523 618 1581; baseline -0.002 -1"><span class='ocrx_word' id='word_1_59' title='bbox 209 1523 342 1581; x_wconf 80' lang='lat' dir='ltr'>Gradolo.</span> <span class='ocrx_word' id='word_1_60' title='bbox 386 1524 495 1581; x_wconf 83' lang='lat' dir='ltr'>Inveni</span> <span class='ocrx_word' id='word_1_61' title='bbox 512 1523 618 1581; x_wconf 90' lang='lat' dir='ltr'>David.</span> 
     </span>
     <span class='ocr_line' id='line_1_13' title="bbox 170 1605 607 1681; baseline 0.007 -21"><span class='ocrx_word' id='word_1_62' title='bbox 170 1655 171 1660; x_wconf 73' lang='grc'>,</span> <span class='ocrx_word' id='word_1_63' title='bbox 208 1605 356 1681; x_wconf 84' lang='lat' dir='ltr'>Alleluya.</span> <span class='ocrx_word' id='word_1_64' title='bbox 406 1605 434 1663; x_wconf 77' lang='lat' dir='ltr'>V.</span> <span class='ocrx_word' id='word_1_65' title='bbox 458 1605 607 1680; x_wconf 84' lang='lat' dir='ltr'>Disposui.</span> 
     </span>
    </p>
   </div>
   <div class='ocr_carea' id='block_1_6' title="bbox 206 1696 826 1919">
    <p class='ocr_par' dir='ltr' id='par_1_8' title="bbox 206 1696 826 1919">
     <span class='ocr_line' id='line_1_14' title="bbox 206 1696 826 1774; baseline 0 -20"><span class='ocrx_word' id='word_1_66' title='bbox 206 1698 407 1772; x_wconf 73' lang='lat' dir='ltr'>Evaaqelium.</span> <span class='ocrx_word' id='word_1_67' title='bbox 451 1699 552 1755; x_wconf 89' lang='lat' dir='ltr'>Homo</span> <span class='ocrx_word' id='word_1_68' title='bbox 566 1696 686 1774; x_wconf 85' lang='lat' dir='ltr'>quidam</span> <span class='ocrx_word' id='word_1_69' title='bbox 699 1715 826 1774; x_wconf 79' lang='lat' dir='ltr'>peregre</span> 
     </span>
     <span class='ocr_line' id='line_1_15' title="bbox 209 1778 572 1851; baseline 0 -15"><span class='ocrx_word' id='word_1_70' title='bbox 209 1778 402 1851; x_wconf 77' lang='lat' dir='ltr'>Qffertorium.</span> <span class='ocrx_word' id='word_1_71' title='bbox 444 1779 572 1836; x_wconf 88' lang='lat' dir='ltr'>Veritas.</span> 
     </span>
     <span class='ocr_line' id='line_1_16' title="bbox 206 1857 661 1919; baseline 0 -1"><span class='ocrx_word' id='word_1_72' title='bbox 206 1857 387 1919; x_wconf 78' lang='lat' dir='ltr'>Communia</span> <span class='ocrx_word' id='word_1_73' title='bbox 430 1860 539 1918; x_wconf 82' lang='lat' dir='ltr'>Beatus</span> <span class='ocrx_word' id='word_1_74' title='bbox 552 1879 661 1918; x_wconf 81' lang='lat' dir='ltr'>servus</span> 
     </span>
    </p>
   </div>
   <div class='ocr_carea' id='block_1_7' title="bbox 191 2094 1309 2174">
    <p class='ocr_par' dir='ltr' id='par_1_9' title="bbox 191 2094 1309 2174">
     <span class='ocr_line' id='line_1_17' title="bbox 191 2094 1309 2174; baseline 0.002 -21"><span class='ocrx_word' id='word_1_75' title='bbox 191 2096 319 2155; x_wconf 73' lang='lat' dir='ltr'>Sanora</span> <span class='ocrx_word' id='word_1_76' title='bbox 339 2097 553 2171; x_wconf 75' lang='lat' dir='ltr'>Pnruouuua,</span> <span class='ocrx_word' id='word_1_77' title='bbox 575 2114 713 2156; x_wconf 83' lang='lat' dir='ltr'>vmouus</span> <span class='ocrx_word' id='word_1_78' title='bbox 734 2113 798 2156; x_wconf 75' lang='lat' dir='ltr'>nor</span> <span class='ocrx_word' id='word_1_79' title='bbox 818 2111 979 2155; x_wconf 74' lang='lat' dir='ltr'>nanrrnrs.</span> <span class='ocrx_word' id='word_1_80' title='bbox 1024 2094 1117 2174; x_wconf 89' lang='lat' dir='ltr'>(Prid.</span> <span class='ocrx_word' id='word_1_81' title='bbox 1134 2094 1204 2153; x_wconf 79' lang='lat' dir='ltr'>Kal</span> <span class='ocrx_word' id='word_1_82' title='bbox 1221 2095 1243 2154; x_wconf 89' lang='lat' dir='ltr'><strong>J</strong></span> <span class='ocrx_word' id='word_1_83' title='bbox 1245 2094 1309 2167; x_wconf 81' lang='lat' dir='ltr'>un)</span> 
     </span>
    </p>
   </div>
   <div class='ocr_carea' id='block_1_8' title="bbox 172 2252 848 2653">
    <p class='ocr_par' dir='ltr' id='par_1_10' title="bbox 172 2252 542 2326">
     <span class='ocr_line' id='line_1_18' title="bbox 172 2252 542 2326; baseline 0.011 -17"><span class='ocrx_word' id='word_1_84' title='bbox 172 2291 174 2295; x_wconf 92' lang='lat'>-</span> <span class='ocrx_word' id='word_1_85' title='bbox 209 2252 347 2326; x_wconf 75' lang='lat' dir='ltr'>Officium.</span> <span class='ocrx_word' id='word_1_86' title='bbox 392 2254 542 2314; x_wconf 78' lang='lat' dir='ltr'>Dilexisti.</span> 
     </span>
    </p>

    <p class='ocr_par' dir='ltr' id='par_1_11' title="bbox 204 2333 848 2653">
     <span class='ocr_line' id='line_1_19' title="bbox 208 2333 848 2412; baseline 0.002 -21"><span class='ocrx_word' id='word_1_87' title='bbox 208 2333 317 2391; x_wconf 81' lang='lat' dir='ltr'>Oratio.</span> <span class='ocrx_word' id='word_1_88' title='bbox 361 2335 555 2411; x_wconf 86' lang='lat' dir='ltr'>Omnipotens</span> <span class='ocrx_word' id='word_1_89' title='bbox 568 2335 745 2412; x_wconf 85' lang='lat' dir='ltr'>sempiterne</span> <span class='ocrx_word' id='word_1_90' title='bbox 759 2336 848 2393; x_wconf 86' lang='lat' dir='ltr'>Deus</span> 
     </span>
     <span class='ocr_line' id='line_1_20' title="bbox 206 2414 696 2492; baseline 0.006 -21"><span class='ocrx_word' id='word_1_91' title='bbox 206 2414 347 2490; x_wconf 74' lang='lat' dir='ltr'>Epistola.</span> <span class='ocrx_word' id='word_1_92' title='bbox 391 2416 543 2492; x_wconf 83' lang='lat' dir='ltr'>Sapientia</span> <span class='ocrx_word' id='word_1_93' title='bbox 556 2417 696 2474; x_wconf 85' lang='lat' dir='ltr'>laudabit</span> 
     </span>
     <span class='ocr_line' id='line_1_21' title="bbox 206 2495 663 2573; baseline 0.002 -20"><span class='ocrx_word' id='word_1_94' title='bbox 206 2495 339 2554; x_wconf 51' lang='lat' dir='ltr'>&amp;odam</span> <span class='ocrx_word' id='word_1_95' title='bbox 386 2497 487 2573; x_wconf 81' lang='lat' dir='ltr'>Specie</span> <span class='ocrx_word' id='word_1_96' title='bbox 501 2504 561 2554; x_wconf 88' lang='lat' dir='ltr'>tua.</span> <span class='ocrx_word' id='word_1_97' title='bbox 661 2540 663 2544; x_wconf 87' lang='lat'>-</span> 
     </span>
     <span class='ocr_line' id='line_1_22' title="bbox 204 2574 636 2653; baseline 0.009 -19"><span class='ocrx_word' id='word_1_98' title='bbox 204 2574 353 2653; x_wconf 80' lang='lat' dir='ltr'>Alleluya.</span> <span class='ocrx_word' id='word_1_99' title='bbox 403 2578 572 2636; x_wconf 62' lang='lat' dir='ltr'>IKDiffuse</span> <span class='ocrx_word' id='word_1_100' title='bbox 585 2586 636 2640; x_wconf 86' lang='lat' dir='ltr'>est.</span> 
     </span>
    </p>
   </div>
   <div class='ocr_carea' id='block_1_9' title="bbox 204 2669 1198 2748">
    <p class='ocr_par' dir='ltr' id='par_1_12' title="bbox 204 2669 1198 2748">
     <span class='ocr_line' id='line_1_23' title="bbox 204 2669 1198 2748; baseline 0 -22"><span class='ocrx_word' id='word_1_101' title='bbox 204 2670 404 2746; x_wconf 74' lang='lat' dir='ltr'>Eoeaqelium.</span> <span class='ocrx_word' id='word_1_102' title='bbox 448 2671 551 2728; x_wconf 88' lang='lat' dir='ltr'>Simile</span> <span class='ocrx_word' id='word_1_103' title='bbox 565 2678 609 2728; x_wconf 88' lang='lat' dir='ltr'>est</span> <span class='ocrx_word' id='word_1_104' title='bbox 623 2691 747 2748; x_wconf 86' lang='lat' dir='ltr'>regnum</span> <span class='ocrx_word' id='word_1_105' title='bbox 760 2671 897 2729; x_wconf 88' lang='lat' dir='ltr'>caelorum</span> <span class='ocrx_word' id='word_1_106' title='bbox 912 2671 1011 2728; x_wconf 91' lang='lat' dir='ltr'>decem</span> <span class='ocrx_word' id='word_1_107' title='bbox 1024 2669 1198 2748; x_wconf 78' lang='lat' dir='ltr'>virginibus</span> 
     </span>
    </p>
   </div>
   <div class='ocr_carea' id='block_1_10' title="bbox 206 2751 744 2891">
    <p class='ocr_par' dir='ltr' id='par_1_13' title="bbox 206 2751 744 2891">
     <span class='ocr_line' id='line_1_24' title="bbox 206 2751 744 2825; baseline 0.002 -16"><span class='ocrx_word' id='word_1_108' title='bbox 206 2751 400 2824; x_wconf 74' lang='lat' dir='ltr'>offertorium.</span> <span class='ocrx_word' id='word_1_109' title='bbox 444 2753 622 2825; x_wconf 84' lang='lat' dir='ltr'>Offerentnr‚</span> <span class='ocrx_word' id='word_1_110' title='bbox 637 2754 744 2810; x_wconf 78' lang='lat' dir='ltr'>minus.</span> 
     </span>
     <span class='ocr_line' id='line_1_25' title="bbox 206 2831 555 2891; baseline 0.003 -2"><span class='ocrx_word' id='word_1_111' title='bbox 206 2831 387 2890; x_wconf 76' lang='lat' dir='ltr'>Communia</span> <span class='ocrx_word' id='word_1_112' title='bbox 432 2832 555 2891; x_wconf 84' lang='lat' dir='ltr'>Diffusa.</span> 
     </span>
    </p>
   </div>
   <div class='ocr_carea' id='block_1_11' title="bbox 376 3060 1105 3140">
    <p class='ocr_par' dir='ltr' id='par_1_14' title="bbox 376 3060 1105 3140">
     <span class='ocr_line' id='line_1_26' title="bbox 376 3060 1105 3140; baseline -0.001 -20"><span class='ocrx_word' id='word_1_113' title='bbox 376 3062 488 3121; x_wconf 77' lang='lat' dir='ltr'>Saucrr</span> <span class='ocrx_word' id='word_1_114' title='bbox 509 3063 693 3137; x_wconf 81' lang='lat' dir='ltr'>Nrcounnrs,</span> <span class='ocrx_word' id='word_1_115' title='bbox 716 3079 876 3121; x_wconf 78' lang='lat' dir='ltr'>uanrrnrs.</span> <span class='ocrx_word' id='word_1_116' title='bbox 920 3062 1002 3140; x_wconf 86' lang='lat' dir='ltr'>(Kal.</span> <span class='ocrx_word' id='word_1_117' title='bbox 1017 3060 1105 3140; x_wconf 85' lang='lat' dir='ltr'>Jun.)</span> 
     </span>
    </p>
   </div>
   <div class='ocr_carea' id='block_1_12' title="bbox 201 3229 669 3308">
    <p class='ocr_par' dir='ltr' id='par_1_15' title="bbox 201 3229 669 3308">
     <span class='ocr_line' id='line_1_27' title="bbox 201 3229 669 3308; baseline 0.002 -19"><span class='ocrx_word' id='word_1_118' title='bbox 201 3229 342 3305; x_wconf 79' lang='lat' dir='ltr'>Officium.</span> <span class='ocrx_word' id='word_1_119' title='bbox 385 3232 669 3308; x_wconf 81' lang='lat' dir='ltr'>Laetabiturjustus</span> 
     </span>
    </p>
   </div>
   <div class='ocr_carea' id='block_1_13' title="bbox 137 3319 1343 3641">
    <p class='ocr_par' dir='ltr' id='par_1_16' title="bbox 137 3319 1343 3641">
     <span class='ocr_line' id='line_1_28' title="bbox 200 3319 1343 3479; baseline 0.003 -23"><span class='ocrx_word' id='word_1_120' title='bbox 200 3319 358 3477; x_wconf 47' lang='lat' dir='ltr'>gidiioilui</span> <span class='ocrx_word' id='word_1_121' title='bbox 371 3421 425 3458; x_wconf 90' lang='lat' dir='ltr'>nos</span> <span class='ocrx_word' id='word_1_122' title='bbox 438 3403 518 3459; x_wconf 85' lang='lat' dir='ltr'>beati</span> <span class='ocrx_word' id='word_1_123' title='bbox 532 3402 703 3461; x_wconf 85' lang='lat' dir='ltr'>Nicomedis</span> <span class='ocrx_word' id='word_1_124' title='bbox 719 3402 859 3479; x_wconf 83' lang='lat' dir='ltr'>martyris</span> <span class='ocrx_word' id='word_1_125' title='bbox 878 3401 926 3460; x_wconf 82' lang='lat' dir='ltr'>tn&#39;i</span> <span class='ocrx_word' id='word_1_126' title='bbox 947 3401 1061 3458; x_wconf 90' lang='lat' dir='ltr'>meritis</span> <span class='ocrx_word' id='word_1_127' title='bbox 1081 3406 1112 3457; x_wconf 88' lang='lat' dir='ltr'>et</span> <span class='ocrx_word' id='word_1_128' title='bbox 1131 3399 1343 3459; x_wconf 75' lang='lat' dir='ltr'>intercessione</span> 
     </span>
     <span class='ocr_line' id='line_1_29' title="bbox 137 3479 1342 3560; baseline -0.001 -20"><span class='ocrx_word' id='word_1_129' title='bbox 137 3483 277 3554; x_wconf 88' lang='lat' dir='ltr'>laetificas,</span> <span class='ocrx_word' id='word_1_130' title='bbox 292 3483 417 3541; x_wconf 86' lang='lat' dir='ltr'>concede</span> <span class='ocrx_word' id='word_1_131' title='bbox 439 3484 594 3559; x_wconf 89' lang='lat' dir='ltr'>propitius,</span> <span class='ocrx_word' id='word_1_132' title='bbox 616 3491 651 3541; x_wconf 93' lang='lat' dir='ltr'>ut</span> <span class='ocrx_word' id='word_1_133' title='bbox 674 3484 726 3560; x_wconf 91' lang='lat' dir='ltr'>qui</span> <span class='ocrx_word' id='word_1_134' title='bbox 751 3485 815 3560; x_wconf 87' lang='lat' dir='ltr'>ejus</span> <span class='ocrx_word' id='word_1_135' title='bbox 836 3482 978 3541; x_wconf 83' lang='lat' dir='ltr'>beneficia</span> <span class='ocrx_word' id='word_1_136' title='bbox 1001 3480 1156 3558; x_wconf 90' lang='lat' dir='ltr'>poscimus,</span> <span class='ocrx_word' id='word_1_137' title='bbox 1177 3479 1255 3539; x_wconf 91' lang='lat' dir='ltr'>dono</span> <span class='ocrx_word' id='word_1_138' title='bbox 1278 3485 1342 3539; x_wconf 82' lang='lat' dir='ltr'>tuae</span> 
     </span>
     <span class='ocr_line' id='line_1_30' title="bbox 139 3563 585 3641; baseline 0.007 -20"><span class='ocrx_word' id='word_1_139' title='bbox 139 3563 241 3641; x_wconf 80' lang='lat' dir='ltr'>gratiae</span> <span class='ocrx_word' id='word_1_140' title='bbox 255 3583 475 3640; x_wconf 89' lang='lat' dir='ltr'>consequamur.</span> <span class='ocrx_word' id='word_1_141' title='bbox 519 3564 585 3624; x_wconf 86' lang='lat' dir='ltr'>Per.</span> 
     </span>
    </p>
   </div>
   <div class='ocr_carea' id='block_1_14' title="bbox 199 3656 633 3732">
    <p class='ocr_par' dir='ltr' id='par_1_17' title="bbox 199 3656 633 3732">
     <span class='ocr_line' id='line_1_31' title="bbox 199 3656 633 3732; baseline 0.005 -19"><span class='ocrx_word' id='word_1_142' title='bbox 199 3656 340 3732; x_wconf 75' lang='lat' dir='ltr'>Epistola.</span> <span class='ocrx_word' id='word_1_143' title='bbox 383 3656 481 3714; x_wconf 89' lang='lat' dir='ltr'>Nemo</span> <span class='ocrx_word' id='word_1_144' title='bbox 495 3658 633 3715; x_wconf 86' lang='lat' dir='ltr'>militans.</span> 
     </span>
    </p>
   </div>
   <div class='ocr_carea' id='block_1_15' title="bbox 198 3749 725 3906">
    <p class='ocr_par' dir='ltr' id='par_1_18' title="bbox 198 3749 725 3906">
     <span class='ocr_line' id='line_1_32' title="bbox 202 3749 518 3808; baseline 0.006 -2"><span class='ocrx_word' id='word_1_145' title='bbox 202 3749 336 3807; x_wconf 78' lang='lat' dir='ltr'>Grodula.</span> <span class='ocrx_word' id='word_1_146' title='bbox 380 3750 518 3808; x_wconf 87' lang='lat' dir='ltr'>Posuisti.</span> 
     </span>
     <span class='ocr_line' id='line_1_33' title="bbox 198 3831 725 3906; baseline 0 -18"><span class='ocrx_word' id='word_1_147' title='bbox 198 3831 348 3906; x_wconf 87' lang='lat' dir='ltr'>Alleluya.</span> <span class='ocrx_word' id='word_1_148' title='bbox 397 3831 424 3888; x_wconf 78' lang='lat' dir='ltr'>V.</span> <span class='ocrx_word' id='word_1_149' title='bbox 449 3832 551 3889; x_wconf 81' lang='lat' dir='ltr'>Gloria</span> <span class='ocrx_word' id='word_1_150' title='bbox 564 3838 594 3889; x_wconf 88' lang='lat' dir='ltr'>et</span> <span class='ocrx_word' id='word_1_151' title='bbox 607 3831 725 3889; x_wconf 85' lang='lat' dir='ltr'>honore.</span> 
     </span>
    </p>
   </div>
   <div class='ocr_carea' id='block_1_16' title="bbox 197 3923 813 4172">
    <p class='ocr_par' dir='ltr' id='par_1_19' title="bbox 197 3923 813 4172">
     <span class='ocr_line' id='line_1_34' title="bbox 197 3923 813 4003; baseline -0.003 -21"><span class='ocrx_word' id='word_1_152' title='bbox 197 3924 398 4000; x_wconf 74' lang='lat' dir='ltr'>Eocnqelium.</span> <span class='ocrx_word' id='word_1_153' title='bbox 442 3925 512 3982; x_wconf 89' lang='lat' dir='ltr'>Nisi</span> <span class='ocrx_word' id='word_1_154' title='bbox 525 3945 649 4003; x_wconf 86' lang='lat' dir='ltr'>granum</span> <span class='ocrx_word' id='word_1_155' title='bbox 663 3923 813 3983; x_wconf 86' lang='lat' dir='ltr'>frumenti.</span> 
     </span>
     <span class='ocr_line' id='line_1_35' title="bbox 199 4019 684 4094; baseline -0.004 -16"><span class='ocrx_word' id='word_1_156' title='bbox 199 4019 392 4094; x_wconf 76' lang='lat' dir='ltr'>offertorium.</span> <span class='ocrx_word' id='word_1_157' title='bbox 435 4019 475 4077; x_wconf 92' lang='lat' dir='ltr'>In</span> <span class='ocrx_word' id='word_1_158' title='bbox 489 4019 602 4076; x_wconf 86' lang='lat' dir='ltr'>virtute</span> <span class='ocrx_word' id='word_1_159' title='bbox 616 4025 684 4076; x_wconf 88' lang='lat' dir='ltr'>tuae.</span> 
     </span>
     <span class='ocr_line' id='line_1_36' title="bbox 199 4114 319 4172; baseline -0.017 0"><span class='ocrx_word' id='word_1_160' title='bbox 199 4114 319 4172; x_wconf 80' lang='lat' dir='ltr'>Secreto.</span> 
     </span>
    </p>
   </div>
   <div class='ocr_carea' id='block_1_17' title="bbox 137 4191 1341 4351">
    <p class='ocr_par' dir='ltr' id='par_1_20' title="bbox 137 4191 1341 4351">
     <span class='ocr_line' id='line_1_37' title="bbox 197 4191 1341 4265; baseline 0.003 -15"><span class='ocrx_word' id='word_1_161' title='bbox 197 4195 332 4265; x_wconf 86' lang='lat' dir='ltr'>Munera,</span> <span class='ocrx_word' id='word_1_162' title='bbox 349 4194 487 4265; x_wconf 89' lang='lat' dir='ltr'>Domine,</span> <span class='ocrx_word' id='word_1_163' title='bbox 502 4193 601 4251; x_wconf 86' lang='lat' dir='ltr'>oblata</span> <span class='ocrx_word' id='word_1_164' title='bbox 614 4192 784 4265; x_wconf 82' lang='lat' dir='ltr'>sanctifica3</span> <span class='ocrx_word' id='word_1_165' title='bbox 804 4197 835 4250; x_wconf 89' lang='lat' dir='ltr'>et</span> <span class='ocrx_word' id='word_1_166' title='bbox 855 4191 1056 4249; x_wconf 87' lang='lat' dir='ltr'>intercedente</span> <span class='ocrx_word' id='word_1_167' title='bbox 1074 4191 1161 4248; x_wconf 84' lang='lat' dir='ltr'>beato</span> <span class='ocrx_word' id='word_1_168' title='bbox 1175 4191 1341 4255; x_wconf 82' lang='lat' dir='ltr'>Nicomede</span> 
     </span>
     <span class='ocr_line' id='line_1_38' title="bbox 137 4272 1337 4351; baseline 0.002 -19"><span class='ocrx_word' id='word_1_169' title='bbox 137 4282 269 4351; x_wconf 84' lang='lat' dir='ltr'>martyro</span> <span class='ocrx_word' id='word_1_170' title='bbox 293 4282 355 4349; x_wconf 89' lang='lat' dir='ltr'>tuo,</span> <span class='ocrx_word' id='word_1_171' title='bbox 377 4295 430 4332; x_wconf 90' lang='lat' dir='ltr'>nos</span> <span class='ocrx_word' id='word_1_172' title='bbox 451 4294 505 4351; x_wconf 84' lang='lat' dir='ltr'>per</span> <span class='ocrx_word' id='word_1_173' title='bbox 523 4274 585 4332; x_wconf 82' lang='lat' dir='ltr'>haeo</span> <span class='ocrx_word' id='word_1_174' title='bbox 609 4294 627 4331; x_wconf 91' lang='lat' dir='ltr'>a</span> <span class='ocrx_word' id='word_1_175' title='bbox 649 4279 836 4350; x_wconf 87' lang='lat' dir='ltr'>peccatorum</span> <span class='ocrx_word' id='word_1_176' title='bbox 860 4279 1030 4330; x_wconf 85' lang='lat' dir='ltr'>nostrorum</span> <span class='ocrx_word' id='word_1_177' title='bbox 1052 4272 1176 4331; x_wconf 83' lang='lat' dir='ltr'>maculis</span> <span class='ocrx_word' id='word_1_178' title='bbox 1197 4272 1337 4334; x_wconf 66' lang='lat' dir='ltr'>emunda</span> 
     </span>
    </p>
   </div>
   <div class='ocr_carea' id='block_1_18' title="bbox 139 4356 826 4514">
    <p class='ocr_par' dir='ltr' id='par_1_21' title="bbox 139 4356 826 4514">
     <span class='ocr_line' id='line_1_39' title="bbox 139 4356 826 4514; baseline -0.006 -18"><span class='ocrx_word' id='word_1_179' title='bbox 139 4356 377 4496; x_wconf 53' lang='lat' dir='ltr'>Perbmnmuae‘o.</span> <span class='ocrx_word' id='word_1_180' title='bbox 421 4437 481 4507; x_wconf 84' lang='lat' dir='ltr'>Qui</span> <span class='ocrx_word' id='word_1_181' title='bbox 495 4436 562 4494; x_wconf 85' lang='lat' dir='ltr'>vult</span> <span class='ocrx_word' id='word_1_182' title='bbox 575 4437 677 4494; x_wconf 87' lang='lat' dir='ltr'>venire</span> <span class='ocrx_word' id='word_1_183' title='bbox 690 4441 757 4514; x_wconf 90' lang='lat' dir='ltr'>post</span> <span class='ocrx_word' id='word_1_184' title='bbox 770 4455 826 4493; x_wconf 90' lang='lat' dir='ltr'>me.</span> 
     </span>
    </p>
   </div>
   <div class='ocr_carea' id='block_1_19' title="bbox 0 0 1460 4904">
    <p class='ocr_par' dir='ltr' id='par_1_22' title="bbox 0 0 1460 4904">
     <span class='ocr_line' id='line_1_40' title="bbox 0 0 1460 4904; baseline 0 3"><span class='ocrx_word' id='word_1_185' title='bbox 0 0 1460 4904; x_wconf 95' lang='lat' dir='ltr'> </span> 
     </span>
    </p>
   </div>
  </div>
 </body>
</html>
