2910 4904
630 239 726 304 Festo
739 239 858 306 Junii.

199 407 403 482 Evonpelibm.
446 407 539 464 Facta
552 410 597 465 est
611 407 770 464 contentio.

201 488 306 546 Credo.

201 569 397 642 offertorium.
441 568 521 625 Mihi
534 576 634 626 autem
649 567 747 626 nimis.

200 651 324 708 Secreto.

198 731 368 788 Oblationis
395 736 504 788 nostrae
530 750 640 788 munus
667 737 728 802 tua,
752 730 891 802 Domine,
913 739 944 789 εὴ
970 732 1126 791 benedicat
1148 740 1179 791 et
1202 734 1345 812 suscipiat

134 811 269 879 dextera,
286 819 316 869 ct
330 812 516 888 supplicante
529 818 633 869 sancto
646 812 785 870 Bernaba
798 813 929 889 apostolo
943 815 1125 889 acceptabile
1138 815 1343 875 holocaustum

137 911 192 949 nos
204 893 265 950 tibi
279 898 432 969 praeparet.
475 893 541 950 Per.

200 973 385 1033 Communia.
427 978 536 1047 Arnen,
552 974 627 1031 dico.

198 1055 444 1114 Postcommunio.
1140 1095 1142 1099 <

199 1135 289 1204 Quod
309 1137 346 1193 de
366 1136 455 1193 altari
474 1143 536 1208 tuo,
553 1136 691 1208 Domine,
709 1136 889 1212 sumpsimus
909 1155 1024 1212 semper
1044 1138 1130 1195 nobis
1150 1138 1294 1215 proficiat,
1311 1145 1341 1197 et

137 1217 326 1293 supplicante
338 1224 440 1274 sancto
454 1217 593 1275 Bernaba
608 1217 752 1293 apostolo,
766 1227 836 1274 ante
853 1218 995 1275 thronum
1014 1219 1114 1295 gloriae
1134 1227 1195 1276 tuae
1215 1221 1343 1296 gaudere

138 1316 191 1354 nos
204 1297 304 1355 faciat.
349 1298 408 1355 Per
422 1298 593 1356 Dominum.

185 1533 375 1590 Snucroaon
396 1549 568 1590 maurinum
590 1533 757 1602 Basrnrnrs,
781 1532 902 1603 Ormur,
925 1532 1068 1591 Naroma
1088 1551 1126 1592 nr
1147 1535 1294 1594 Numan.

612 1630 705 1704 (Pr-id.
723 1630 767 1686 Id.
784 1631 806 1688 J
807 1629 871 1707 un.)

197 1771 339 1846 Officium.
383 1770 483 1827 Intret
496 1769 528 1825 in
542 1774 707 1844 conspectu.

197 1853 309 1910 ()rotio.
1311 1902 1314 1907 ,

194 1934 373 1991 Sanctorum
392 1937 558 2008 martyrum
578 1936 708 2001 tuorum,
725 1929 874 2001 Basilidis,
891 1929 995 2002 cirini,
1012 1930 1141 1988 Naboris
1157 1939 1187 1988 et
1208 1932 1339 2008 Nazarii,

133 2034 312 2091 quaesumus,
328 2013 466 2084 Domine,
481 2013 618 2070 natalitia
632 2013 735 2069 votiva
747 2011 970 2087 resplendeant:
996 2018 1027 2068 et
1041 2013 1118 2088 quod
1137 2012 1197 2070 illis
1210 2016 1340 2073 eontulit

132 2095 311 2189 excellentia
324 2095 504 2170 sempiterna
516 2094 662 2150 fructibus
676 2099 783 2150 nostrae
798 2093 965 2149 devotionis
975 2100 1127 2154 accrescat.
1171 2094 1236 2151 Per.
1389 2084 1394 2106 '

192 2176 375 2314 Biricldidtus
393 2256 475 2312 Deus
496 2261 527 2312 ct
549 2254 641 2312 Pater
658 2254 781 2310 Domini
802 2254 911 2311 nostris
929 2254 951 2311 J
953 2274 1004 2312 esu
1023 2254 1144 2328 Christi,
1167 2257 1219 2331 qui
1239 2277 1339 2315 secun-

131 2341 203 2396 dum
226 2357 371 2414 magnam.

193 2418 331 2477 Grodole.
375 2416 512 2473 Vindice.

192 2500 343 2574 Alleluya.
393 2497 422 2553 V.
445 2497 602 2554 Mirabilis.

191 2579 395 2654 Evanpelc'um.
438 2578 598 2635 Attendite
612 2598 630 2634 a
643 2577 797 2635 fermento.

192 2660 389 2736 Offirtorc‘um.
433 2659 644 2716 Exsultabunt.

189 2754 457 2893 Dibretganctorum
490 2838 619 2904 tuorum,
656 2831 805 2904 Basilidis,
838 2830 942 2901 Cirini,
974 2831 1103 2889 Naboris
1142 2840 1173 2889 et
1203 2834 1336 2892 ‘Nazarii

128 2918 274 2996 sanguine
291 2916 357 2972 fuso
375 2914 541 2971 venerando
559 2913 671 2971 hostias
691 2914 757 2986 tibi,
777 2913 914 2984 Domine,
934 2912 1116 2971 sollemniter
1137 2914 1334 2989 immolamus,

129 3007 182 3057 tua
195 2997 347 3056 mirabilia
360 3001 583 3071 pertractantes
599 3015 652 3071 per
664 3014 752 3070 quem
766 2994 835 3052 talis
849 3000 894 3051 est
907 2995 1036 3070 perfecta
1051 2995 1182 3054 victoria.
1225 2995 1291 3058 Per.

189 3090 374 3150 Communia
418 3087 594 3144 Posuerunt.

187 3168 433 3231 Poatcommureia

187 3253 323 3328 Sumptis
338 3248 495 3325 mysteriis,
510 3248 647 3319 Domine,
668 3255 835 3306 sanctorum
854 3253 1019 3323 martyrum
1040 3255 1161 3307 tuorum
1183 3250 1332 3323 Basilidis,

126 3337 231 3406 cirini,
247 3333 378 3390 Naboris
400 3337 431 3388 et
449 3329 569 3387 Nazarii
588 3330 742 3388 sollemnia
763 3330 951 3402 celebrantes,
973 3338 1088 3406 praesta,
1104 3352 1282 3408 quaesumus,
1297 3339 1334 3391 ut

124 3437 228 3475 corum
241 3412 409 3492 patrocinia
418 3411 532 3487 jugiter
545 3412 715 3470 sentiamus.
759 3411 824 3468 Per.

205 3651 321 3707 Sarcrr
341 3648 472 3717 Bssmn,
493 3659 629 3701 nriscoru
650 3659 688 3701 nr
708 3657 915 3701 cournssoms.
961 3640 1058 3721 (xviii.
1079 3642 1149 3702 Kal.
1170 3643 1191 3703 J
1193 3645 1247 3724 ul.)

188 3795 329 3870 Officium.
374 3791 495 3849 Statuit.

186 3876 296 3935 Oratio.
341 3873 398 3942 Da,
413 3889 588 3947 quaesumus.

187 3955 327 4032 Epistol.
372 3954 447 4010 Ecce
461 3951 600 4010 sacerdos,

186 4036 322 4096 Gradale.
365 4033 495 4091 Juravit.

187 4118 334 4193 Alleluya.
384 4115 413 4173 V.
436 4115 543 4171 Justus
562 4111 741 4189 germinabit

188 4198 387 4273 Evanpelium.
431 4196 532 4251 Homo
546 4194 667 4270 quidam
680 4201 807 4269 peregre.

189 4279 381 4353 Offertorium.
425 4276 553 4332 Veritas.

190 4359 368 4419 Communia.
412 4356 522 4414 Fidelis
542 4374 651 4414 servus.
