<?xml version="1.0" encoding="UTF-8"?>
<!DOCTYPE html PUBLIC "-//W3C//DTD XHTML 1.0 Transitional//EN"
    "http://www.w3.org/TR/xhtml1/DTD/xhtml1-transitional.dtd">
<html xmlns="http://www.w3.org/1999/xhtml" xml:lang="en" lang="en">
 <head>
  <title>
</title>
<meta http-equiv="Content-Type" content="text/html;charset=utf-8" />
  <meta name='ocr-system' content='tesseract 3.04.00' />
  <meta name='ocr-capabilities' content='ocr_page ocr_carea ocr_par ocr_line ocrx_word'/>
</head>
<body>
  <div class='ocr_page' id='page_1' title='image "./missaleadusumin01churgoog_0216.png"; bbox 0 0 2910 4904; ppageno 0'>
   <div class='ocr_carea' id='block_1_1' title="bbox 435 281 899 369">
    <p class='ocr_par' dir='ltr' id='par_1_1' title="bbox 435 281 899 369">
     <span class='ocr_line' id='line_1_1' title="bbox 435 281 899 369; baseline 0.002 -21"><span class='ocrx_word' id='word_1_1' title='bbox 435 281 609 348; x_wconf 75' lang='lat' dir='ltr'><em>Orationes</em></span> <span class='ocrx_word' id='word_1_2' title='bbox 631 304 693 368; x_wconf 80' lang='lat' dir='ltr'><strong>pro</strong></span> <span class='ocrx_word' id='word_1_3' title='bbox 714 282 899 369; x_wconf 81' lang='lat' dir='ltr'><strong>Defunctia.</strong></span> 
     </span>
    </p>
   </div>
   <div class='ocr_carea' id='block_1_2' title="bbox 65 482 1274 805">
    <p class='ocr_par' dir='ltr' id='par_1_2' title="bbox 65 482 1274 805">
     <span class='ocr_line' id='line_1_2' title="bbox 422 482 955 544; baseline 0.006 -4"><span class='ocrx_word' id='word_1_4' title='bbox 422 482 489 541; x_wconf 86' lang='lat' dir='ltr'><strong>Pno</strong></span> <span class='ocrx_word' id='word_1_5' title='bbox 509 484 664 543; x_wconf 74' lang='lat' dir='ltr'><strong>Pramnos</strong></span> <span class='ocrx_word' id='word_1_6' title='bbox 686 503 723 543; x_wconf 83' lang='lat' dir='ltr'><strong>nr</strong></span> <span class='ocrx_word' id='word_1_7' title='bbox 744 485 917 544; x_wconf 72' lang='lat' dir='ltr'><strong>Marmara</strong></span> <span class='ocrx_word' id='word_1_8' title='bbox 953 533 955 536; x_wconf 62' lang='grc'>,</span> 
     </span>
     <span class='ocr_line' id='line_1_3' title="bbox 127 561 237 620; baseline -0.009 0"><span class='ocrx_word' id='word_1_9' title='bbox 127 561 237 620; x_wconf 79' lang='lat' dir='ltr'><strong>Oratio.</strong></span> 
     </span>
     <span class='ocr_line' id='line_1_4' title="bbox 126 643 1272 724; baseline 0.004 -23"><span class='ocrx_word' id='word_1_10' title='bbox 126 644 217 716; x_wconf 89' lang='lat' dir='ltr'><strong>Deus,</strong></span> <span class='ocrx_word' id='word_1_11' title='bbox 246 643 300 719; x_wconf 93' lang='lat' dir='ltr'><strong>qui</strong></span> <span class='ocrx_word' id='word_1_12' title='bbox 326 663 380 701; x_wconf 89' lang='lat' dir='ltr'><strong>nos</strong></span> <span class='ocrx_word' id='word_1_13' title='bbox 407 651 522 721; x_wconf 79' lang='lat' dir='ltr'><strong>patrem</strong></span> <span class='ocrx_word' id='word_1_14' title='bbox 550 652 581 703; x_wconf 88' lang='lat' dir='ltr'><strong>et</strong></span> <span class='ocrx_word' id='word_1_15' title='bbox 608 653 735 704; x_wconf 88' lang='lat' dir='ltr'><strong>matrem</strong></span> <span class='ocrx_word' id='word_1_16' title='bbox 761 647 905 704; x_wconf 87' lang='lat' dir='ltr'><strong>honorare</strong></span> <span class='ocrx_word' id='word_1_17' title='bbox 929 647 1104 724; x_wconf 75' lang='lat' dir='ltr'><strong>praecepisti,</strong></span> <span class='ocrx_word' id='word_1_18' title='bbox 1135 648 1272 707; x_wconf 89' lang='lat' dir='ltr'><strong>miserere</strong></span> 
     </span>
     <span class='ocr_line' id='line_1_5' title="bbox 65 725 1274 805; baseline 0.004 -23"><span class='ocrx_word' id='word_1_19' title='bbox 65 725 226 782; x_wconf 90' lang='lat' dir='ltr'><strong>clementer</strong></span> <span class='ocrx_word' id='word_1_20' title='bbox 246 725 401 783; x_wconf 81' lang='lat' dir='ltr'>animabus</span> <span class='ocrx_word' id='word_1_21' title='bbox 427 735 545 802; x_wconf 82' lang='lat' dir='ltr'><strong>patrum</strong></span> <span class='ocrx_word' id='word_1_22' title='bbox 574 734 605 784; x_wconf 87' lang='lat' dir='ltr'><strong>ct</strong></span> <span class='ocrx_word' id='word_1_23' title='bbox 632 735 761 785; x_wconf 89' lang='lat' dir='ltr'><strong>matrum</strong></span> <span class='ocrx_word' id='word_1_24' title='bbox 789 735 967 800; x_wconf 89' lang='lat' dir='ltr'><strong>nostrorum,</strong></span> <span class='ocrx_word' id='word_1_25' title='bbox 992 749 1152 805; x_wconf 82' lang='lat' dir='ltr'><strong>eorumque</strong></span> <span class='ocrx_word' id='word_1_26' title='bbox 1172 731 1274 788; x_wconf 87' lang='lat' dir='ltr'><strong>omnia</strong></span> 
     </span>
    </p>
   </div>
   <div class='ocr_carea' id='block_1_3' title="bbox 62 805 1274 1611">
    <p class='ocr_par' dir='ltr' id='par_1_3' title="bbox 62 805 1273 945">
     <span class='ocr_line' id='line_1_6' title="bbox 62 805 1273 887; baseline 0.004 -25"><span class='ocrx_word' id='word_1_27' title='bbox 62 811 185 882; x_wconf 86' lang='lat' dir='ltr'><strong>peccata</strong></span> <span class='ocrx_word' id='word_1_28' title='bbox 198 805 326 879; x_wconf 89' lang='lat' dir='ltr'><strong>dimitte,</strong></span> <span class='ocrx_word' id='word_1_29' title='bbox 341 825 453 883; x_wconf 90' lang='lat' dir='ltr'><strong>nosque</strong></span> <span class='ocrx_word' id='word_1_30' title='bbox 468 827 515 864; x_wconf 87' lang='lat' dir='ltr'><strong>eos</strong></span> <span class='ocrx_word' id='word_1_31' title='bbox 536 808 569 864; x_wconf 93' lang='lat' dir='ltr'><strong>in</strong></span> <span class='ocrx_word' id='word_1_32' title='bbox 589 814 707 866; x_wconf 83' lang='lat' dir='ltr'><strong>oeternae</strong></span> <span class='ocrx_word' id='word_1_33' title='bbox 725 809 869 867; x_wconf 73' lang='lat' dir='ltr'><strong>claritatis</strong></span> <span class='ocrx_word' id='word_1_34' title='bbox 883 809 929 867; x_wconf 86' lang='lat' dir='ltr'><strong>fac</strong></span> <span class='ocrx_word' id='word_1_35' title='bbox 941 810 1049 887; x_wconf 86' lang='lat' dir='ltr'><strong>gaudio</strong></span> <span class='ocrx_word' id='word_1_36' title='bbox 1062 811 1170 870; x_wconf 76' lang='lat' dir='ltr'><strong>videro</strong></span> <span class='ocrx_word' id='word_1_37' title='bbox 1214 811 1273 868; x_wconf 87' lang='lat' dir='ltr'><strong>Per</strong></span> 
     </span>
     <span class='ocr_line' id='line_1_7' title="bbox 63 887 237 945; baseline -0.006 0"><span class='ocrx_word' id='word_1_38' title='bbox 63 887 237 945; x_wconf 91' lang='lat' dir='ltr'><strong>Dominum.</strong></span> 
     </span>
    </p>

    <p class='ocr_par' dir='ltr' id='par_1_4' title="bbox 124 967 245 1026">
     <span class='ocr_line' id='line_1_8' title="bbox 124 967 245 1026; baseline 0 0"><span class='ocrx_word' id='word_1_39' title='bbox 124 967 245 1026; x_wconf 81' lang='lat' dir='ltr'><strong>Secreta.</strong></span> 
     </span>
    </p>

    <p class='ocr_par' dir='ltr' id='par_1_5' title="bbox 62 1049 1274 1292">
     <span class='ocr_line' id='line_1_9' title="bbox 125 1049 1272 1130; baseline 0.003 -24"><span class='ocrx_word' id='word_1_40' title='bbox 125 1049 255 1124; x_wconf 81' lang='lat' dir='ltr'><strong>Suscipe,</strong></span> <span class='ocrx_word' id='word_1_41' title='bbox 281 1049 464 1122; x_wconf 85' lang='lat' dir='ltr'><strong>sacrificium,</strong></span> <span class='ocrx_word' id='word_1_42' title='bbox 488 1050 625 1119; x_wconf 83' lang='lat' dir='ltr'><strong>Domine,</strong></span> <span class='ocrx_word' id='word_1_43' title='bbox 650 1051 730 1127; x_wconf 89' lang='lat' dir='ltr'><strong>quod</strong></span> <span class='ocrx_word' id='word_1_44' title='bbox 753 1051 812 1110; x_wconf 90' lang='lat' dir='ltr'><strong>tibi</strong></span> <span class='ocrx_word' id='word_1_45' title='bbox 834 1071 888 1130; x_wconf 90' lang='lat' dir='ltr'><strong>pro</strong></span> <span class='ocrx_word' id='word_1_46' title='bbox 915 1052 1070 1111; x_wconf 80' lang='lat' dir='ltr'><strong>animabus</strong></span> <span class='ocrx_word' id='word_1_47' title='bbox 1098 1059 1217 1129; x_wconf 90' lang='lat' dir='ltr'><strong>patrum</strong></span> <span class='ocrx_word' id='word_1_48' title='bbox 1242 1060 1272 1110; x_wconf 92' lang='lat' dir='ltr'><strong>et</strong></span> 
     </span>
     <span class='ocr_line' id='line_1_10' title="bbox 63 1131 1274 1210; baseline 0.003 -24"><span class='ocrx_word' id='word_1_49' title='bbox 63 1135 195 1187; x_wconf 89' lang='lat' dir='ltr'><strong>matrum</strong></span> <span class='ocrx_word' id='word_1_50' title='bbox 218 1136 388 1187; x_wconf 91' lang='lat' dir='ltr'><strong>nostrorum</strong></span> <span class='ocrx_word' id='word_1_51' title='bbox 412 1131 543 1201; x_wconf 84' lang='lat' dir='ltr'><strong>offertur,</strong></span> <span class='ocrx_word' id='word_1_52' title='bbox 569 1132 667 1208; x_wconf 90' lang='lat' dir='ltr'><strong>eisque</strong></span> <span class='ocrx_word' id='word_1_53' title='bbox 691 1134 833 1209; x_wconf 82' lang='lat' dir='ltr'><strong>gaudium</strong></span> <span class='ocrx_word' id='word_1_54' title='bbox 862 1134 1074 1210; x_wconf 86' lang='lat' dir='ltr'><strong>sempiternum</strong></span> <span class='ocrx_word' id='word_1_55' title='bbox 1098 1134 1130 1190; x_wconf 90' lang='lat' dir='ltr'><strong>in</strong></span> <span class='ocrx_word' id='word_1_56' title='bbox 1152 1134 1274 1210; x_wconf 85' lang='lat' dir='ltr'><strong>regione</strong></span> 
     </span>
     <span class='ocr_line' id='line_1_11' title="bbox 62 1211 1223 1292; baseline 0.003 -24"><span class='ocrx_word' id='word_1_57' title='bbox 62 1211 229 1268; x_wconf 80' lang='lat' dir='ltr'><strong>viventium</strong></span> <span class='ocrx_word' id='word_1_58' title='bbox 245 1211 377 1284; x_wconf 81' lang='lat' dir='ltr'><strong>concede,</strong></span> <span class='ocrx_word' id='word_1_59' title='bbox 390 1231 502 1288; x_wconf 89' lang='lat' dir='ltr'><strong>nosque</strong></span> <span class='ocrx_word' id='word_1_60' title='bbox 515 1212 652 1270; x_wconf 79' lang='lat' dir='ltr'><strong>felicitati</strong></span> <span class='ocrx_word' id='word_1_61' title='bbox 666 1233 766 1271; x_wconf 90' lang='lat' dir='ltr'><strong>eorum</strong></span> <span class='ocrx_word' id='word_1_62' title='bbox 783 1215 936 1292; x_wconf 78' lang='lat' dir='ltr'><strong>conjunge.</strong></span> <span class='ocrx_word' id='word_1_63' title='bbox 979 1215 1038 1272; x_wconf 91' lang='lat' dir='ltr'><strong>Per</strong></span> <span class='ocrx_word' id='word_1_64' title='bbox 1051 1215 1223 1272; x_wconf 91' lang='lat' dir='ltr'><strong>Dominum.</strong></span> 
     </span>
    </p>

    <p class='ocr_par' dir='ltr' id='par_1_6' title="bbox 124 1292 368 1351">
     <span class='ocr_line' id='line_1_12' title="bbox 124 1292 368 1351; baseline 0.008 -3"><span class='ocrx_word' id='word_1_65' title='bbox 124 1292 368 1351; x_wconf 81' lang='lat' dir='ltr'><strong>Poatcornmunt&#39;o.</strong></span> 
     </span>
    </p>

    <p class='ocr_par' dir='ltr' id='par_1_7' title="bbox 62 1373 1273 1611">
     <span class='ocr_line' id='line_1_13' title="bbox 125 1373 1273 1453; baseline 0.003 -23"><span class='ocrx_word' id='word_1_66' title='bbox 125 1373 259 1431; x_wconf 77' lang='lat' dir='ltr'><strong>Caelestis</strong></span> <span class='ocrx_word' id='word_1_67' title='bbox 286 1373 484 1450; x_wconf 79' lang='lat' dir='ltr'><strong>participatiO,</strong></span> <span class='ocrx_word' id='word_1_68' title='bbox 513 1373 651 1447; x_wconf 85' lang='lat' dir='ltr'><strong>Domine,</strong></span> <span class='ocrx_word' id='word_1_69' title='bbox 686 1377 863 1432; x_wconf 78' lang='lat' dir='ltr'><strong>sacramenti</strong></span> <span class='ocrx_word' id='word_1_70' title='bbox 897 1376 1054 1433; x_wconf 84' lang='lat' dir='ltr'><strong>animabus</strong></span> <span class='ocrx_word' id='word_1_71' title='bbox 1087 1382 1207 1453; x_wconf 86' lang='lat' dir='ltr'><strong>patrum</strong></span> <span class='ocrx_word' id='word_1_72' title='bbox 1240 1384 1273 1434; x_wconf 90' lang='lat' dir='ltr'><strong>et</strong></span> 
     </span>
     <span class='ocr_line' id='line_1_14' title="bbox 62 1454 1271 1534; baseline 0.004 -24"><span class='ocrx_word' id='word_1_73' title='bbox 62 1460 193 1512; x_wconf 86' lang='lat' dir='ltr'><strong>matrum</strong></span> <span class='ocrx_word' id='word_1_74' title='bbox 224 1460 392 1512; x_wconf 85' lang='lat' dir='ltr'><strong>nostrorum</strong></span> <span class='ocrx_word' id='word_1_75' title='bbox 419 1454 552 1530; x_wconf 84' lang='lat' dir='ltr'><strong>requiem</strong></span> <span class='ocrx_word' id='word_1_76' title='bbox 578 1456 714 1513; x_wconf 85' lang='lat' dir='ltr'><strong>obtineat</strong></span> <span class='ocrx_word' id='word_1_77' title='bbox 741 1458 959 1534; x_wconf 88' lang='lat' dir='ltr'><strong>sempiternam,</strong></span> <span class='ocrx_word' id='word_1_78' title='bbox 984 1476 1095 1533; x_wconf 88' lang='lat' dir='ltr'><strong>nosque</strong></span> <span class='ocrx_word' id='word_1_79' title='bbox 1116 1477 1184 1515; x_wconf 92' lang='lat' dir='ltr'><strong>cum</strong></span> <span class='ocrx_word' id='word_1_80' title='bbox 1210 1457 1271 1516; x_wconf 89' lang='lat' dir='ltr'><strong>illis</strong></span> 
     </span>
     <span class='ocr_line' id='line_1_15' title="bbox 62 1534 776 1611; baseline 0.006 -19"><span class='ocrx_word' id='word_1_81' title='bbox 62 1535 159 1611; x_wconf 84' lang='lat' dir='ltr'><strong>gratia</strong></span> <span class='ocrx_word' id='word_1_82' title='bbox 173 1541 227 1594; x_wconf 87' lang='lat' dir='ltr'><strong>tua</strong></span> <span class='ocrx_word' id='word_1_83' title='bbox 237 1541 358 1593; x_wconf 90' lang='lat' dir='ltr'><strong>coronet</strong></span> <span class='ocrx_word' id='word_1_84' title='bbox 368 1540 487 1593; x_wconf 87' lang='lat' dir='ltr'><strong>aeterna.</strong></span> <span class='ocrx_word' id='word_1_85' title='bbox 530 1534 591 1593; x_wconf 91' lang='lat' dir='ltr'><strong>Per</strong></span> <span class='ocrx_word' id='word_1_86' title='bbox 604 1536 776 1596; x_wconf 89' lang='lat' dir='ltr'><strong>Dominum.</strong></span> 
     </span>
    </p>
   </div>
   <div class='ocr_carea' id='block_1_4' title="bbox 41 1725 1297 2685">
    <p class='ocr_par' dir='ltr' id='par_1_8' title="bbox 402 1725 928 1786">
     <span class='ocr_line' id='line_1_16' title="bbox 402 1725 928 1786; baseline 0.006 -3"><span class='ocrx_word' id='word_1_87' title='bbox 402 1725 469 1785; x_wconf 83' lang='lat' dir='ltr'><strong>Pac</strong></span> <span class='ocrx_word' id='word_1_88' title='bbox 490 1727 667 1786; x_wconf 76' lang='lat' dir='ltr'><strong>Farrnisus</strong></span> <span class='ocrx_word' id='word_1_89' title='bbox 688 1743 726 1784; x_wconf 86' lang='lat' dir='ltr'><strong>ur</strong></span> <span class='ocrx_word' id='word_1_90' title='bbox 747 1726 928 1786; x_wconf 82' lang='lat' dir='ltr'><strong>Souoamus.</strong></span> 
     </span>
    </p>

    <p class='ocr_par' dir='ltr' id='par_1_9' title="bbox 125 1809 236 1868">
     <span class='ocr_line' id='line_1_17' title="bbox 125 1809 236 1868; baseline 0 0"><span class='ocrx_word' id='word_1_91' title='bbox 125 1809 236 1868; x_wconf 78' lang='lat' dir='ltr'><strong>Oratio.</strong></span> 
     </span>
    </p>

    <p class='ocr_par' dir='ltr' id='par_1_10' title="bbox 61 1887 1297 2291">
     <span class='ocr_line' id='line_1_18' title="bbox 123 1887 1269 1965; baseline -0.002 -17"><span class='ocrx_word' id='word_1_92' title='bbox 123 1890 216 1962; x_wconf 88' lang='lat' dir='ltr'><strong>Deus,</strong></span> <span class='ocrx_word' id='word_1_93' title='bbox 227 1888 323 1947; x_wconf 84' lang='lat' dir='ltr'><strong>veniae</strong></span> <span class='ocrx_word' id='word_1_94' title='bbox 333 1887 458 1965; x_wconf 87' lang='lat' dir='ltr'><strong>largitor</strong></span> <span class='ocrx_word' id='word_1_95' title='bbox 471 1893 502 1945; x_wconf 90' lang='lat' dir='ltr'><strong>et</strong></span> <span class='ocrx_word' id='word_1_96' title='bbox 515 1888 653 1945; x_wconf 90' lang='lat' dir='ltr'><strong>humanae</strong></span> <span class='ocrx_word' id='word_1_97' title='bbox 663 1888 768 1945; x_wconf 90' lang='lat' dir='ltr'><strong>salutis</strong></span> <span class='ocrx_word' id='word_1_98' title='bbox 779 1894 904 1961; x_wconf 90' lang='lat' dir='ltr'><strong>amator,</strong></span> <span class='ocrx_word' id='word_1_99' title='bbox 915 1908 1083 1964; x_wconf 86' lang='lat' dir='ltr'><strong>quaesumus</strong></span> <span class='ocrx_word' id='word_1_100' title='bbox 1094 1889 1269 1946; x_wconf 81' lang='lat' dir='ltr'><strong>immensam</strong></span> 
     </span>
     <span class='ocr_line' id='line_1_19' title="bbox 62 1969 1297 2046; baseline -0.002 -17"><span class='ocrx_word' id='word_1_101' title='bbox 62 1971 250 2030; x_wconf 88' lang='lat' dir='ltr'><strong>clementiam</strong></span> <span class='ocrx_word' id='word_1_102' title='bbox 264 1976 357 2042; x_wconf 87' lang='lat' dir='ltr'><strong>tuam,</strong></span> <span class='ocrx_word' id='word_1_103' title='bbox 372 1976 407 2026; x_wconf 88' lang='lat' dir='ltr'><strong>ut</strong></span> <span class='ocrx_word' id='word_1_104' title='bbox 421 1975 528 2027; x_wconf 86' lang='lat' dir='ltr'><strong>nostrae</strong></span> <span class='ocrx_word' id='word_1_105' title='bbox 543 1970 777 2046; x_wconf 82' lang='lat' dir='ltr'><strong>congregationis</strong></span> <span class='ocrx_word' id='word_1_106' title='bbox 790 1970 897 2027; x_wconf 87' lang='lat' dir='ltr'><strong>fratres</strong></span> <span class='ocrx_word' id='word_1_107' title='bbox 911 1975 941 2027; x_wconf 90' lang='lat' dir='ltr'><strong>et</strong></span> <span class='ocrx_word' id='word_1_108' title='bbox 958 1989 1080 2041; x_wconf 89' lang='lat' dir='ltr'><strong>sorores,</strong></span> <span class='ocrx_word' id='word_1_109' title='bbox 1096 1970 1201 2046; x_wconf 86' lang='lat' dir='ltr'><strong>quiex</strong></span> <span class='ocrx_word' id='word_1_110' title='bbox 1215 1969 1270 2027; x_wconf 89' lang='lat' dir='ltr'><strong>boc</strong></span> <span class='ocrx_word' id='word_1_111' title='bbox 1295 1994 1297 1998; x_wconf 95' lang='lat'>·</span> 
     </span>
     <span class='ocr_line' id='line_1_20' title="bbox 62 2050 1272 2127; baseline -0.002 -17"><span class='ocrx_word' id='word_1_112' title='bbox 62 2052 168 2110; x_wconf 89' lang='lat' dir='ltr'><strong>saeculo</strong></span> <span class='ocrx_word' id='word_1_113' title='bbox 188 2051 381 2122; x_wconf 86' lang='lat' dir='ltr'><strong>transierunt,</strong></span> <span class='ocrx_word' id='word_1_114' title='bbox 397 2051 484 2107; x_wconf 88' lang='lat' dir='ltr'><strong>beata</strong></span> <span class='ocrx_word' id='word_1_115' title='bbox 498 2050 597 2107; x_wconf 89' lang='lat' dir='ltr'><strong>Maria</strong></span> <span class='ocrx_word' id='word_1_116' title='bbox 611 2070 726 2126; x_wconf 81' lang='lat' dir='ltr'><strong>semper</strong></span> <span class='ocrx_word' id='word_1_117' title='bbox 740 2050 856 2126; x_wconf 88' lang='lat' dir='ltr'><strong>virgine</strong></span> <span class='ocrx_word' id='word_1_118' title='bbox 871 2057 902 2108; x_wconf 92' lang='lat' dir='ltr'><strong>et</strong></span> <span class='ocrx_word' id='word_1_119' title='bbox 914 2052 1002 2108; x_wconf 89' lang='lat' dir='ltr'><strong>beato</strong></span> <span class='ocrx_word' id='word_1_120' title='bbox 1023 2050 1114 2108; x_wconf 89' lang='lat' dir='ltr'><strong>Petro</strong></span> <span class='ocrx_word' id='word_1_121' title='bbox 1136 2050 1272 2127; x_wconf 89' lang='lat' dir='ltr'><strong>apostolo</strong></span> 
     </span>
     <span class='ocr_line' id='line_1_21' title="bbox 61 2131 1269 2209; baseline -0.003 -17"><span class='ocrx_word' id='word_1_122' title='bbox 61 2139 116 2192; x_wconf 92' lang='lat' dir='ltr'><strong>tuo</strong></span> <span class='ocrx_word' id='word_1_123' title='bbox 134 2132 337 2191; x_wconf 85' lang='lat' dir='ltr'><strong>intercedente</strong></span> <span class='ocrx_word' id='word_1_124' title='bbox 357 2151 425 2190; x_wconf 91' lang='lat' dir='ltr'><strong>cum</strong></span> <span class='ocrx_word' id='word_1_125' title='bbox 446 2131 583 2189; x_wconf 91' lang='lat' dir='ltr'><strong>omnibus</strong></span> <span class='ocrx_word' id='word_1_126' title='bbox 607 2132 717 2188; x_wconf 87' lang='lat' dir='ltr'><strong>sanctis</strong></span> <span class='ocrx_word' id='word_1_127' title='bbox 741 2133 811 2204; x_wconf 88' lang='lat' dir='ltr'><strong>tuis,</strong></span> <span class='ocrx_word' id='word_1_128' title='bbox 834 2132 872 2188; x_wconf 88' lang='lat' dir='ltr'><strong>ad</strong></span> <span class='ocrx_word' id='word_1_129' title='bbox 898 2139 1049 2209; x_wconf 86' lang='lat' dir='ltr'><strong>perpetuae</strong></span> <span class='ocrx_word' id='word_1_130' title='bbox 1074 2131 1269 2189; x_wconf 86' lang='lat' dir='ltr'><strong>beatitudinis</strong></span> 
     </span>
     <span class='ocr_line' id='line_1_22' title="bbox 61 2212 683 2291; baseline -0.006 -18"><span class='ocrx_word' id='word_1_131' title='bbox 61 2214 244 2273; x_wconf 87' lang='lat' dir='ltr'><strong>consortium</strong></span> <span class='ocrx_word' id='word_1_132' title='bbox 257 2212 412 2291; x_wconf 88' lang='lat' dir='ltr'><strong>pervenire</strong></span> <span class='ocrx_word' id='word_1_133' title='bbox 426 2213 575 2270; x_wconf 87' lang='lat' dir='ltr'><strong>concedas.</strong></span> <span class='ocrx_word' id='word_1_134' title='bbox 619 2212 683 2270; x_wconf 91' lang='lat' dir='ltr'><strong>Per.</strong></span> 
     </span>
    </p>

    <p class='ocr_par' dir='ltr' id='par_1_11' title="bbox 122 2295 245 2354">
     <span class='ocr_line' id='line_1_23' title="bbox 122 2295 245 2354; baseline -0.008 0"><span class='ocrx_word' id='word_1_135' title='bbox 122 2295 245 2354; x_wconf 83' lang='lat' dir='ltr'><strong>Secreta.</strong></span> 
     </span>
    </p>

    <p class='ocr_par' dir='ltr' id='par_1_12' title="bbox 41 2373 1271 2685">
     <span class='ocr_line' id='line_1_24' title="bbox 41 2373 1269 2451; baseline -0.004 -17"><span class='ocrx_word' id='word_1_136' title='bbox 41 2378 43 2381; x_wconf 78' lang='grc'><strong>’</strong></span> <span class='ocrx_word' id='word_1_137' title='bbox 124 2377 216 2447; x_wconf 78' lang='lat' dir='ltr'><strong>Deus,</strong></span> <span class='ocrx_word' id='word_1_138' title='bbox 232 2375 317 2450; x_wconf 89' lang='lat' dir='ltr'><strong>cujus</strong></span> <span class='ocrx_word' id='word_1_139' title='bbox 330 2373 537 2431; x_wconf 90' lang='lat' dir='ltr'><strong>misericordiae</strong></span> <span class='ocrx_word' id='word_1_140' title='bbox 554 2394 614 2431; x_wconf 90' lang='lat' dir='ltr'><strong>non</strong></span> <span class='ocrx_word' id='word_1_141' title='bbox 636 2380 680 2431; x_wconf 86' lang='lat' dir='ltr'><strong>est</strong></span> <span class='ocrx_word' id='word_1_142' title='bbox 700 2393 850 2444; x_wconf 88' lang='lat' dir='ltr'><strong>numerus,</strong></span> <span class='ocrx_word' id='word_1_143' title='bbox 866 2373 981 2451; x_wconf 83' lang='lat' dir='ltr'><strong>suscipe</strong></span> <span class='ocrx_word' id='word_1_144' title='bbox 1002 2375 1149 2450; x_wconf 88' lang='lat' dir='ltr'><strong>propitius</strong></span> <span class='ocrx_word' id='word_1_145' title='bbox 1169 2393 1269 2450; x_wconf 88' lang='lat' dir='ltr'><strong>preces</strong></span> 
     </span>
     <span class='ocr_line' id='line_1_25' title="bbox 63 2454 1266 2531; baseline -0.004 -16"><span class='ocrx_word' id='word_1_146' title='bbox 63 2457 242 2515; x_wconf 84' lang='lat' dir='ltr'><strong>humilitatis</strong></span> <span class='ocrx_word' id='word_1_147' title='bbox 256 2460 372 2527; x_wconf 88' lang='lat' dir='ltr'><strong>nostrae,</strong></span> <span class='ocrx_word' id='word_1_148' title='bbox 389 2461 419 2512; x_wconf 92' lang='lat' dir='ltr'><strong>et</strong></span> <span class='ocrx_word' id='word_1_149' title='bbox 432 2455 595 2527; x_wconf 89' lang='lat' dir='ltr'><strong>animabus,</strong></span> <span class='ocrx_word' id='word_1_150' title='bbox 607 2456 715 2531; x_wconf 92' lang='lat' dir='ltr'><strong>quibus</strong></span> <span class='ocrx_word' id='word_1_151' title='bbox 726 2455 772 2511; x_wconf 91' lang='lat' dir='ltr'><strong>tui</strong></span> <span class='ocrx_word' id='word_1_152' title='bbox 786 2454 914 2511; x_wconf 90' lang='lat' dir='ltr'><strong>nominis</strong></span> <span class='ocrx_word' id='word_1_153' title='bbox 925 2454 1033 2512; x_wconf 88' lang='lat' dir='ltr'><strong>dedisti</strong></span> <span class='ocrx_word' id='word_1_154' title='bbox 1047 2455 1266 2524; x_wconf 89' lang='lat' dir='ltr'><strong>confessionem,</strong></span> 
     </span>
     <span class='ocr_line' id='line_1_26' title="bbox 63 2535 1271 2614; baseline -0.003 -18"><span class='ocrx_word' id='word_1_155' title='bbox 63 2558 115 2614; x_wconf 87' lang='lat' dir='ltr'><strong>per</strong></span> <span class='ocrx_word' id='word_1_156' title='bbox 127 2538 190 2596; x_wconf 90' lang='lat' dir='ltr'><strong>haec</strong></span> <span class='ocrx_word' id='word_1_157' title='bbox 205 2541 388 2594; x_wconf 88' lang='lat' dir='ltr'><strong>sacramenta</strong></span> <span class='ocrx_word' id='word_1_158' title='bbox 402 2536 506 2593; x_wconf 88' lang='lat' dir='ltr'><strong>salutis</strong></span> <span class='ocrx_word' id='word_1_159' title='bbox 520 2543 628 2593; x_wconf 88' lang='lat' dir='ltr'><strong>nostrae</strong></span> <span class='ocrx_word' id='word_1_160' title='bbox 643 2543 817 2593; x_wconf 90' lang='lat' dir='ltr'><strong>cunctorum</strong></span> <span class='ocrx_word' id='word_1_161' title='bbox 830 2536 930 2593; x_wconf 90' lang='lat' dir='ltr'><strong>tribuo</strong></span> <span class='ocrx_word' id='word_1_162' title='bbox 948 2535 1151 2593; x_wconf 88' lang='lat' dir='ltr'><strong>remissionem</strong></span> <span class='ocrx_word' id='word_1_163' title='bbox 1172 2554 1271 2612; x_wconf 83' lang='lat' dir='ltr'><strong>pecca-</strong></span> 
     </span>
     <span class='ocr_line' id='line_1_27' title="bbox 63 2617 681 2685; baseline -0.003 -9"><span class='ocrx_word' id='word_1_164' title='bbox 63 2627 170 2676; x_wconf 90' lang='lat' dir='ltr'><strong>torum.</strong></span> <span class='ocrx_word' id='word_1_165' title='bbox 215 2618 274 2675; x_wconf 91' lang='lat' dir='ltr'><strong>Per</strong></span> <span class='ocrx_word' id='word_1_166' title='bbox 287 2617 458 2673; x_wconf 91' lang='lat' dir='ltr'><strong>Dominum.</strong></span> <span class='ocrx_word' id='word_1_167' title='bbox 503 2617 563 2685; x_wconf 80' lang='lat' dir='ltr'><strong>Qui</strong></span> <span class='ocrx_word' id='word_1_168' title='bbox 576 2623 681 2675; x_wconf 88' lang='lat' dir='ltr'><strong>tecum.</strong></span> 
     </span>
    </p>
   </div>
   <div class='ocr_carea' id='block_1_5' title="bbox 61 2698 1272 3082">
    <p class='ocr_par' dir='ltr' id='par_1_13' title="bbox 121 2698 366 2758">
     <span class='ocr_line' id='line_1_28' title="bbox 121 2698 366 2758; baseline -0.016 0"><span class='ocrx_word' id='word_1_169' title='bbox 121 2698 366 2758; x_wconf 81' lang='lat' dir='ltr'><strong>Poatcommanio.</strong></span> 
     </span>
    </p>

    <p class='ocr_par' dir='ltr' id='par_1_14' title="bbox 61 2777 1272 3082">
     <span class='ocr_line' id='line_1_29' title="bbox 121 2777 1269 2856; baseline -0.003 -18"><span class='ocrx_word' id='word_1_170' title='bbox 121 2780 246 2850; x_wconf 88' lang='lat' dir='ltr'><strong>Praesta,</strong></span> <span class='ocrx_word' id='word_1_171' title='bbox 262 2799 439 2856; x_wconf 88' lang='lat' dir='ltr'><strong>quaesumus,</strong></span> <span class='ocrx_word' id='word_1_172' title='bbox 455 2778 621 2837; x_wconf 89' lang='lat' dir='ltr'><strong>misericors</strong></span> <span class='ocrx_word' id='word_1_173' title='bbox 635 2779 726 2849; x_wconf 87' lang='lat' dir='ltr'><strong>Deus,</strong></span> <span class='ocrx_word' id='word_1_174' title='bbox 741 2782 777 2835; x_wconf 89' lang='lat' dir='ltr'><strong>ut</strong></span> <span class='ocrx_word' id='word_1_175' title='bbox 791 2778 906 2848; x_wconf 89' lang='lat' dir='ltr'><strong>animae,</strong></span> <span class='ocrx_word' id='word_1_176' title='bbox 921 2797 974 2854; x_wconf 92' lang='lat' dir='ltr'><strong>pro</strong></span> <span class='ocrx_word' id='word_1_177' title='bbox 989 2777 1096 2854; x_wconf 89' lang='lat' dir='ltr'><strong>quibus</strong></span> <span class='ocrx_word' id='word_1_178' title='bbox 1112 2777 1168 2836; x_wconf 91' lang='lat' dir='ltr'><strong>hoc</strong></span> <span class='ocrx_word' id='word_1_179' title='bbox 1182 2778 1269 2835; x_wconf 86' lang='lat' dir='ltr'><strong>sacri-</strong></span> 
     </span>
     <span class='ocr_line' id='line_1_30' title="bbox 63 2858 1268 2936; baseline -0.003 -18"><span class='ocrx_word' id='word_1_180' title='bbox 63 2861 163 2920; x_wconf 88' lang='lat' dir='ltr'><strong>ficium</strong></span> <span class='ocrx_word' id='word_1_181' title='bbox 176 2862 274 2919; x_wconf 89' lang='lat' dir='ltr'><strong>laudis</strong></span> <span class='ocrx_word' id='word_1_182' title='bbox 291 2865 351 2916; x_wconf 88' lang='lat' dir='ltr'><strong>tuae</strong></span> <span class='ocrx_word' id='word_1_183' title='bbox 370 2859 532 2917; x_wconf 87' lang='lat' dir='ltr'><strong>obtulimus</strong></span> <span class='ocrx_word' id='word_1_184' title='bbox 545 2860 704 2936; x_wconf 88' lang='lat' dir='ltr'><strong>majestati,</strong></span> <span class='ocrx_word' id='word_1_185' title='bbox 719 2879 772 2935; x_wconf 90' lang='lat' dir='ltr'><strong>per</strong></span> <span class='ocrx_word' id='word_1_186' title='bbox 789 2859 878 2935; x_wconf 90' lang='lat' dir='ltr'><strong>hujus</strong></span> <span class='ocrx_word' id='word_1_187' title='bbox 892 2861 1037 2916; x_wconf 84' lang='lat' dir='ltr'><strong>virtutem</strong></span> <span class='ocrx_word' id='word_1_188' title='bbox 1058 2858 1236 2916; x_wconf 89' lang='lat' dir='ltr'><strong>sacramenti</strong></span> <span class='ocrx_word' id='word_1_189' title='bbox 1250 2879 1268 2914; x_wconf 87' lang='lat' dir='ltr'><strong>a</strong></span> 
     </span>
     <span class='ocr_line' id='line_1_31' title="bbox 61 2940 1272 3019; baseline -0.004 -19"><span class='ocrx_word' id='word_1_190' title='bbox 61 2943 187 3019; x_wconf 86' lang='lat' dir='ltr'><strong>peccatis</strong></span> <span class='ocrx_word' id='word_1_191' title='bbox 208 2940 345 2999; x_wconf 88' lang='lat' dir='ltr'><strong>omnibus</strong></span> <span class='ocrx_word' id='word_1_192' title='bbox 359 2941 485 3017; x_wconf 84' lang='lat' dir='ltr'><strong>expiatae</strong></span> <span class='ocrx_word' id='word_1_193' title='bbox 499 2940 573 2998; x_wconf 88' lang='lat' dir='ltr'><strong>lucis</strong></span> <span class='ocrx_word' id='word_1_194' title='bbox 586 2947 743 3018; x_wconf 83' lang='lat' dir='ltr'><strong>perpetuae,</strong></span> <span class='ocrx_word' id='word_1_195' title='bbox 757 2946 788 2998; x_wconf 89' lang='lat' dir='ltr'><strong>te</strong></span> <span class='ocrx_word' id='word_1_196' title='bbox 801 2941 969 3012; x_wconf 87' lang='lat' dir='ltr'><strong>miserante,</strong></span> <span class='ocrx_word' id='word_1_197' title='bbox 984 2940 1128 3017; x_wconf 88' lang='lat' dir='ltr'><strong>recipiant</strong></span> <span class='ocrx_word' id='word_1_198' title='bbox 1143 2940 1272 2998; x_wconf 86' lang='lat' dir='ltr'><strong>beatitu-</strong></span> 
     </span>
     <span class='ocr_line' id='line_1_32' title="bbox 62 3021 458 3082; baseline -0.013 0"><span class='ocrx_word' id='word_1_199' title='bbox 62 3024 169 3082; x_wconf 87' lang='lat' dir='ltr'><strong>dinem.</strong></span> <span class='ocrx_word' id='word_1_200' title='bbox 214 3023 273 3080; x_wconf 85' lang='lat' dir='ltr'><strong>Per</strong></span> <span class='ocrx_word' id='word_1_201' title='bbox 286 3021 458 3079; x_wconf 90' lang='lat' dir='ltr'><strong>Dominum.</strong></span> 
     </span>
    </p>
   </div>
   <div class='ocr_carea' id='block_1_6' title="bbox 59 3203 1270 4480">
    <p class='ocr_par' dir='ltr' id='par_1_15' title="bbox 367 3203 964 3274">
     <span class='ocr_line' id='line_1_33' title="bbox 367 3203 964 3274; baseline 0.005 -13"><span class='ocrx_word' id='word_1_202' title='bbox 367 3203 432 3261; x_wconf 84' lang='lat' dir='ltr'><strong>Pno</strong></span> <span class='ocrx_word' id='word_1_203' title='bbox 455 3205 701 3274; x_wconf 79' lang='lat' dir='ltr'><strong>Quinsonnmnus</strong></span> <span class='ocrx_word' id='word_1_204' title='bbox 723 3222 756 3263; x_wconf 83' lang='lat' dir='ltr'><strong>m</strong></span> <span class='ocrx_word' id='word_1_205' title='bbox 775 3221 964 3264; x_wconf 74' lang='lat' dir='ltr'><strong>cnnnrnmo.</strong></span> 
     </span>
    </p>

    <p class='ocr_par' dir='ltr' id='par_1_16' title="bbox 123 3286 234 3346">
     <span class='ocr_line' id='line_1_34' title="bbox 123 3286 234 3346; baseline -0.009 0"><span class='ocrx_word' id='word_1_206' title='bbox 123 3286 234 3346; x_wconf 79' lang='lat' dir='ltr'><strong>Oratio.</strong></span> 
     </span>
    </p>

    <p class='ocr_par' dir='ltr' id='par_1_17' title="bbox 60 3365 1269 3670">
     <span class='ocr_line' id='line_1_35' title="bbox 73 3365 1267 3442; baseline -0.002 -16"><span class='ocrx_word' id='word_1_207' title='bbox 73 3386 76 3393; x_wconf 89' lang='lat'>·</span> <span class='ocrx_word' id='word_1_208' title='bbox 121 3369 215 3439; x_wconf 89' lang='lat' dir='ltr'><strong>Deus,</strong></span> <span class='ocrx_word' id='word_1_209' title='bbox 230 3367 263 3423; x_wconf 88' lang='lat' dir='ltr'><strong>in</strong></span> <span class='ocrx_word' id='word_1_210' title='bbox 281 3368 365 3442; x_wconf 88' lang='lat' dir='ltr'><strong>cujus</strong></span> <span class='ocrx_word' id='word_1_211' title='bbox 385 3366 573 3423; x_wconf 87' lang='lat' dir='ltr'><strong>miseratione</strong></span> <span class='ocrx_word' id='word_1_212' title='bbox 593 3367 698 3423; x_wconf 88' lang='lat' dir='ltr'><strong>animae</strong></span> <span class='ocrx_word' id='word_1_213' title='bbox 720 3367 851 3424; x_wconf 89' lang='lat' dir='ltr'><strong>fidelium</strong></span> <span class='ocrx_word' id='word_1_214' title='bbox 872 3366 1062 3441; x_wconf 89' lang='lat' dir='ltr'><strong>requiescunt</strong></span> <span class='ocrx_word' id='word_1_215' title='bbox 1072 3386 1081 3438; x_wconf 87' lang='lat'>;</span> <span class='ocrx_word' id='word_1_216' title='bbox 1101 3365 1222 3424; x_wconf 85' lang='lat' dir='ltr'><strong>famulis</strong></span> <span class='ocrx_word' id='word_1_217' title='bbox 1236 3375 1267 3424; x_wconf 92' lang='lat' dir='ltr'><strong>et</strong></span> 
     </span>
     <span class='ocr_line' id='line_1_36' title="bbox 61 3447 1269 3523; baseline -0.002 -16"><span class='ocrx_word' id='word_1_218' title='bbox 61 3449 228 3507; x_wconf 89' lang='lat' dir='ltr'><strong>famulabus</strong></span> <span class='ocrx_word' id='word_1_219' title='bbox 249 3449 310 3504; x_wconf 91' lang='lat' dir='ltr'><strong>tuis</strong></span> <span class='ocrx_word' id='word_1_220' title='bbox 324 3448 468 3519; x_wconf 90' lang='lat' dir='ltr'><strong>omnibus,</strong></span> <span class='ocrx_word' id='word_1_221' title='bbox 484 3448 532 3504; x_wconf 91' lang='lat' dir='ltr'><strong>hic</strong></span> <span class='ocrx_word' id='word_1_222' title='bbox 545 3454 576 3504; x_wconf 93' lang='lat' dir='ltr'><strong>et</strong></span> <span class='ocrx_word' id='word_1_223' title='bbox 589 3448 699 3523; x_wconf 89' lang='lat' dir='ltr'><strong>ubique</strong></span> <span class='ocrx_word' id='word_1_224' title='bbox 713 3449 746 3505; x_wconf 91' lang='lat' dir='ltr'><strong>in</strong></span> <span class='ocrx_word' id='word_1_225' title='bbox 760 3448 879 3505; x_wconf 77' lang='lat' dir='ltr'><strong>Christo</strong></span> <span class='ocrx_word' id='word_1_226' title='bbox 900 3447 1128 3522; x_wconf 86' lang='lat' dir='ltr'><strong>quiescentibus,</strong></span> <span class='ocrx_word' id='word_1_227' title='bbox 1143 3447 1182 3504; x_wconf 85' lang='lat' dir='ltr'><strong>da</strong></span> <span class='ocrx_word' id='word_1_228' title='bbox 1202 3467 1269 3523; x_wconf 80' lang='lat' dir='ltr'><strong>pro</strong></span> 
     </span>
     <span class='ocr_line' id='line_1_37' title="bbox 60 3528 1268 3609; baseline -0.002 -21"><span class='ocrx_word' id='word_1_229' title='bbox 60 3531 153 3609; x_wconf 87' lang='lat' dir='ltr'><strong>pitius</strong></span> <span class='ocrx_word' id='word_1_230' title='bbox 167 3530 287 3586; x_wconf 87' lang='lat' dir='ltr'><strong>veniam</strong></span> <span class='ocrx_word' id='word_1_231' title='bbox 301 3535 496 3605; x_wconf 88' lang='lat' dir='ltr'><strong>peccatorum,</strong></span> <span class='ocrx_word' id='word_1_232' title='bbox 511 3535 547 3585; x_wconf 92' lang='lat' dir='ltr'><strong>ut</strong></span> <span class='ocrx_word' id='word_1_233' title='bbox 561 3549 578 3584; x_wconf 91' lang='lat' dir='ltr'><strong>a</strong></span> <span class='ocrx_word' id='word_1_234' title='bbox 591 3530 706 3586; x_wconf 87' lang='lat' dir='ltr'><strong>cunctis</strong></span> <span class='ocrx_word' id='word_1_235' title='bbox 720 3529 851 3585; x_wconf 78' lang='lat' dir='ltr'><strong>reatibus</strong></span> <span class='ocrx_word' id='word_1_236' title='bbox 865 3528 1001 3598; x_wconf 88' lang='lat' dir='ltr'><strong>absoluti,</strong></span> <span class='ocrx_word' id='word_1_237' title='bbox 1017 3533 1116 3585; x_wconf 91' lang='lat' dir='ltr'><strong>tecum</strong></span> <span class='ocrx_word' id='word_1_238' title='bbox 1130 3528 1193 3586; x_wconf 82' lang='lat' dir='ltr'><strong>sine</strong></span> <span class='ocrx_word' id='word_1_239' title='bbox 1208 3530 1268 3586; x_wconf 90' lang='lat' dir='ltr'><strong>fine</strong></span> 
     </span>
     <span class='ocr_line' id='line_1_38' title="bbox 61 3609 904 3670; baseline -0.005 0"><span class='ocrx_word' id='word_1_240' title='bbox 61 3612 208 3670; x_wconf 89' lang='lat' dir='ltr'><strong>laetentur.</strong></span> <span class='ocrx_word' id='word_1_241' title='bbox 253 3609 312 3666; x_wconf 90' lang='lat' dir='ltr'><strong>Pcr</strong></span> <span class='ocrx_word' id='word_1_242' title='bbox 325 3610 450 3667; x_wconf 87' lang='lat' dir='ltr'><strong>eundem</strong></span> <span class='ocrx_word' id='word_1_243' title='bbox 464 3609 629 3666; x_wconf 87' lang='lat' dir='ltr'><strong>Dominum</strong></span> <span class='ocrx_word' id='word_1_244' title='bbox 642 3616 778 3667; x_wconf 90' lang='lat' dir='ltr'><strong>nostrum</strong></span> <span class='ocrx_word' id='word_1_245' title='bbox 791 3610 812 3667; x_wconf 86' lang='lat' dir='ltr'><strong>J</strong></span> <span class='ocrx_word' id='word_1_246' title='bbox 814 3628 904 3666; x_wconf 88' lang='lat' dir='ltr'><strong>esum.</strong></span> 
     </span>
    </p>

    <p class='ocr_par' dir='ltr' id='par_1_18' title="bbox 121 3692 244 3751">
     <span class='ocr_line' id='line_1_39' title="bbox 121 3692 244 3751; baseline -0.024 -1"><span class='ocrx_word' id='word_1_247' title='bbox 121 3692 244 3751; x_wconf 80' lang='lat' dir='ltr'><strong>Secreta.</strong></span> 
     </span>
    </p>

    <p class='ocr_par' dir='ltr' id='par_1_19' title="bbox 59 3771 1270 4074">
     <span class='ocr_line' id='line_1_40' title="bbox 121 3771 1270 3846; baseline -0.001 -16"><span class='ocrx_word' id='word_1_248' title='bbox 121 3772 182 3830; x_wconf 91' lang='lat' dir='ltr'><strong>Pro</strong></span> <span class='ocrx_word' id='word_1_249' title='bbox 196 3771 351 3829; x_wconf 89' lang='lat' dir='ltr'><strong>animabus</strong></span> <span class='ocrx_word' id='word_1_250' title='bbox 371 3771 550 3829; x_wconf 89' lang='lat' dir='ltr'><strong>famulorum</strong></span> <span class='ocrx_word' id='word_1_251' title='bbox 571 3771 808 3846; x_wconf 88' lang='lat' dir='ltr'><strong>famularumque</strong></span> <span class='ocrx_word' id='word_1_252' title='bbox 822 3777 941 3827; x_wconf 90' lang='lat' dir='ltr'><strong>tuarum</strong></span> <span class='ocrx_word' id='word_1_253' title='bbox 955 3771 1089 3828; x_wconf 88' lang='lat' dir='ltr'><strong>omnium</strong></span> <span class='ocrx_word' id='word_1_254' title='bbox 1103 3771 1270 3829; x_wconf 75' lang='lat' dir='ltr'><strong>Catholico-</strong></span> 
     </span>
     <span class='ocr_line' id='line_1_41' title="bbox 60 3852 1267 3928; baseline -0.003 -17"><span class='ocrx_word' id='word_1_255' title='bbox 60 3875 137 3927; x_wconf 86' lang='lat' dir='ltr'><strong>rum,</strong></span> <span class='ocrx_word' id='word_1_256' title='bbox 159 3853 208 3910; x_wconf 90' lang='lat' dir='ltr'><strong>hic</strong></span> <span class='ocrx_word' id='word_1_257' title='bbox 233 3859 264 3910; x_wconf 89' lang='lat' dir='ltr'><strong>et</strong></span> <span class='ocrx_word' id='word_1_258' title='bbox 287 3853 396 3928; x_wconf 88' lang='lat' dir='ltr'><strong>ubique</strong></span> <span class='ocrx_word' id='word_1_259' title='bbox 421 3852 640 3922; x_wconf 88' lang='lat' dir='ltr'><strong>dormientium,</strong></span> <span class='ocrx_word' id='word_1_260' title='bbox 661 3852 798 3924; x_wconf 87' lang='lat' dir='ltr'><strong>hostiam,</strong></span> <span class='ocrx_word' id='word_1_261' title='bbox 820 3852 959 3923; x_wconf 90' lang='lat' dir='ltr'><strong>Domine,</strong></span> <span class='ocrx_word' id='word_1_262' title='bbox 985 3853 1099 3928; x_wconf 87' lang='lat' dir='ltr'><strong>suscipe</strong></span> <span class='ocrx_word' id='word_1_263' title='bbox 1123 3853 1267 3927; x_wconf 86' lang='lat' dir='ltr'><strong>benignus</strong></span> 
     </span>
     <span class='ocr_line' id='line_1_42' title="bbox 59 3933 1267 4015; baseline -0.003 -23"><span class='ocrx_word' id='word_1_264' title='bbox 59 3937 208 3993; x_wconf 85' lang='lat' dir='ltr'><strong>oblatam:</strong></span> <span class='ocrx_word' id='word_1_265' title='bbox 235 3941 270 3991; x_wconf 91' lang='lat' dir='ltr'><strong>ut</strong></span> <span class='ocrx_word' id='word_1_266' title='bbox 297 3933 352 3991; x_wconf 92' lang='lat' dir='ltr'><strong>hoc</strong></span> <span class='ocrx_word' id='word_1_267' title='bbox 376 3933 517 4015; x_wconf 77' lang='lat' dir='ltr'><strong>sacrificio</strong></span> <span class='ocrx_word' id='word_1_268' title='bbox 545 3933 688 4009; x_wconf 86' lang='lat' dir='ltr'><strong>singulari</strong></span> <span class='ocrx_word' id='word_1_269' title='bbox 711 3933 839 3990; x_wconf 86' lang='lat' dir='ltr'><strong>vinculis</strong></span> <span class='ocrx_word' id='word_1_270' title='bbox 862 3933 1014 3990; x_wconf 82' lang='lat' dir='ltr'><strong>horrendae</strong></span> <span class='ocrx_word' id='word_1_271' title='bbox 1039 3933 1145 3990; x_wconf 88' lang='lat' dir='ltr'><strong>mortis</strong></span> <span class='ocrx_word' id='word_1_272' title='bbox 1169 3940 1267 3990; x_wconf 79' lang='lat' dir='ltr'><strong>exutae</strong></span> 
     </span>
     <span class='ocr_line' id='line_1_43' title="bbox 60 4013 791 4074; baseline 0.001 -3"><span class='ocrx_word' id='word_1_273' title='bbox 60 4018 156 4074; x_wconf 86' lang='lat' dir='ltr'><strong>vitam</strong></span> <span class='ocrx_word' id='word_1_274' title='bbox 170 4019 342 4072; x_wconf 89' lang='lat' dir='ltr'><strong>mereantur</strong></span> <span class='ocrx_word' id='word_1_275' title='bbox 355 4021 504 4072; x_wconf 86' lang='lat' dir='ltr'><strong>aeternam.</strong></span> <span class='ocrx_word' id='word_1_276' title='bbox 548 4015 606 4072; x_wconf 90' lang='lat' dir='ltr'><strong>Per</strong></span> <span class='ocrx_word' id='word_1_277' title='bbox 620 4013 791 4072; x_wconf 86' lang='lat' dir='ltr'><strong>Dominum.</strong></span> 
     </span>
    </p>

    <p class='ocr_par' dir='ltr' id='par_1_20' title="bbox 118 4096 363 4155">
     <span class='ocr_line' id='line_1_44' title="bbox 118 4096 363 4155; baseline -0.008 0"><span class='ocrx_word' id='word_1_278' title='bbox 118 4096 363 4155; x_wconf 82' lang='lat' dir='ltr'><strong>Poatcornntaoio.</strong></span> 
     </span>
    </p>

    <p class='ocr_par' dir='ltr' id='par_1_21' title="bbox 59 4174 1270 4480">
     <span class='ocr_line' id='line_1_45' title="bbox 119 4174 1270 4252; baseline -0.004 -16"><span class='ocrx_word' id='word_1_279' title='bbox 119 4179 213 4250; x_wconf 82' lang='lat' dir='ltr'><strong>Deua,</strong></span> <span class='ocrx_word' id='word_1_280' title='bbox 228 4176 363 4235; x_wconf 88' lang='lat' dir='ltr'><strong>fidelium</strong></span> <span class='ocrx_word' id='word_1_281' title='bbox 383 4177 484 4233; x_wconf 89' lang='lat' dir='ltr'><strong>lumen</strong></span> <span class='ocrx_word' id='word_1_282' title='bbox 504 4176 680 4247; x_wconf 90' lang='lat' dir='ltr'><strong>animarum,</strong></span> <span class='ocrx_word' id='word_1_283' title='bbox 694 4176 796 4233; x_wconf 89' lang='lat' dir='ltr'><strong>adesto</strong></span> <span class='ocrx_word' id='word_1_284' title='bbox 817 4174 1081 4252; x_wconf 89' lang='lat' dir='ltr'><strong>supplicationibus</strong></span> <span class='ocrx_word' id='word_1_285' title='bbox 1100 4174 1219 4245; x_wconf 89' lang='lat' dir='ltr'><strong>nostris,</strong></span> <span class='ocrx_word' id='word_1_286' title='bbox 1236 4181 1270 4231; x_wconf 90' lang='lat' dir='ltr'><strong>et</strong></span> 
     </span>
     <span class='ocr_line' id='line_1_46' title="bbox 59 4255 1270 4333; baseline -0.006 -15"><span class='ocrx_word' id='word_1_287' title='bbox 59 4262 97 4318; x_wconf 90' lang='lat' dir='ltr'><strong>da</strong></span> <span class='ocrx_word' id='word_1_288' title='bbox 114 4259 235 4318; x_wconf 85' lang='lat' dir='ltr'><strong>famulis</strong></span> <span class='ocrx_word' id='word_1_289' title='bbox 253 4264 283 4316; x_wconf 91' lang='lat' dir='ltr'><strong>et</strong></span> <span class='ocrx_word' id='word_1_290' title='bbox 301 4257 468 4315; x_wconf 88' lang='lat' dir='ltr'><strong>famulabus</strong></span> <span class='ocrx_word' id='word_1_291' title='bbox 486 4257 548 4313; x_wconf 88' lang='lat' dir='ltr'><strong>tuis</strong></span> <span class='ocrx_word' id='word_1_292' title='bbox 566 4276 693 4332; x_wconf 91' lang='lat' dir='ltr'><strong>quornm</strong></span> <span class='ocrx_word' id='word_1_293' title='bbox 711 4277 833 4333; x_wconf 84' lang='lat' dir='ltr'><strong>corpora</strong></span> <span class='ocrx_word' id='word_1_294' title='bbox 851 4257 899 4314; x_wconf 93' lang='lat' dir='ltr'><strong>hic</strong></span> <span class='ocrx_word' id='word_1_295' title='bbox 917 4262 947 4313; x_wconf 91' lang='lat' dir='ltr'><strong>et</strong></span> <span class='ocrx_word' id='word_1_296' title='bbox 967 4256 1076 4330; x_wconf 89' lang='lat' dir='ltr'><strong>ubique</strong></span> <span class='ocrx_word' id='word_1_297' title='bbox 1094 4255 1127 4311; x_wconf 91' lang='lat' dir='ltr'><strong>in</strong></span> <span class='ocrx_word' id='word_1_298' title='bbox 1147 4255 1270 4312; x_wconf 82' lang='lat' dir='ltr'><strong>Christo</strong></span> 
     </span>
     <span class='ocr_line' id='line_1_47' title="bbox 59 4336 1267 4418; baseline -0.005 -19"><span class='ocrx_word' id='word_1_299' title='bbox 59 4342 257 4418; x_wconf 90' lang='lat' dir='ltr'><strong>requiescunt,</strong></span> <span class='ocrx_word' id='word_1_300' title='bbox 278 4338 425 4414; x_wconf 83' lang='lat' dir='ltr'><strong>refrigerii</strong></span> <span class='ocrx_word' id='word_1_301' title='bbox 446 4338 551 4408; x_wconf 90' lang='lat' dir='ltr'><strong>sedem,</strong></span> <span class='ocrx_word' id='word_1_302' title='bbox 571 4337 680 4413; x_wconf 89' lang='lat' dir='ltr'><strong>qnietis</strong></span> <span class='ocrx_word' id='word_1_303' title='bbox 700 4337 925 4407; x_wconf 89' lang='lat' dir='ltr'><strong>beatitudinem,</strong></span> <span class='ocrx_word' id='word_1_304' title='bbox 947 4336 1070 4392; x_wconf 91' lang='lat' dir='ltr'><strong>luminis</strong></span> <span class='ocrx_word' id='word_1_305' title='bbox 1091 4337 1267 4394; x_wconf 87' lang='lat' dir='ltr'><strong>claritatem.</strong></span> 
     </span>
     <span class='ocr_line' id='line_1_48' title="bbox 60 4421 455 4480; baseline -0.01 0"><span class='ocrx_word' id='word_1_306' title='bbox 60 4422 117 4480; x_wconf 89' lang='lat' dir='ltr'><strong>Per</strong></span> <span class='ocrx_word' id='word_1_307' title='bbox 131 4421 299 4480; x_wconf 88' lang='lat' dir='ltr'><strong>Dominum</strong></span> <span class='ocrx_word' id='word_1_308' title='bbox 313 4426 455 4477; x_wconf 90' lang='lat' dir='ltr'><strong>nostrum.</strong></span> 
     </span>
    </p>
   </div>
   <div class='ocr_carea' id='block_1_7' title="bbox 0 0 1460 4904">
    <p class='ocr_par' dir='ltr' id='par_1_22' title="bbox 0 0 1460 4904">
     <span class='ocr_line' id='line_1_49' title="bbox 0 0 1460 4904; baseline 0 0"><span class='ocrx_word' id='word_1_309' title='bbox 0 0 1460 4904; x_wconf 95' lang='lat' dir='ltr'><strong> </strong></span> 
     </span>
    </p>
   </div>
  </div>
 </body>
</html>
