2910 4904
396 293 505 358 Misce
526 293 566 358 dc
587 293 735 359 Nomine
756 294 846 360 Jcsu.
1160 295 1224 364 217

42 482 121 534 nem,
141 468 173 520 ct
193 480 280 520 omne
299 480 406 519 nomen
427 462 506 537 quod
526 461 698 519 nominetur
718 482 780 520 non
800 462 896 520 solum
917 462 950 518 in
971 460 1026 520 hoc
1048 460 1153 518 saeculc
1176 460 1226 518 scd

43 545 118 602 tiam
133 543 166 600 in
175 542 290 614 future,
305 549 336 601 et
349 543 449 600 omnia
462 543 587 618 subjecit
600 542 655 600 sub
669 543 793 620 pedibus
807 544 877 619 ejus.

42 626 61 683 7.
88 625 212 700 Adjuva
224 643 287 695 nos,
299 623 385 681 ,Deus
399 623 537 681 saluteris
557 630 675 682 noster:
696 630 727 681 el
743 630 863 700 propter
882 622 1006 700 gloriam
1027 622 1157 679 nominis
1170 621 1226 692 eui,

42 706 165 777 >omine
188 704 282 762 libers
303 724 364 777 nos,
387 711 418 761 et
439 705 586 781 propitius
608 711 670 763 esto
692 706 818 781 peccatis
841 705 950 791 nostris
978 710 1098 781 propter
1121 722 1229 759 nomen
1336 726 1338 731 ·

42 807 237 944 umElleluye.
286 866 316 926 V.
338 866 443 924 *Dulcis
457 885 565 923 nomen
578 867 600 926 J
601 886 662 940 esu,

339 947 435 1004 Melos
449 948 523 1018 auri,
540 948 598 1005 mel
612 949 645 1004 in
659 968 719 1021 esu,

340 1027 399 1084 Cor
411 1028 504 1084 vertit
516 1029 549 1084 in
559 1029 698 1104 jubilum,

290 1115 302 1128 “
340 1108 381 1164 Ec
394 1108 479 1185 fugat
493 1110 598 1192 mundi
611 1109 739 1166 sibilum.

90 1214 131 1274 In
140 1222 263 1290 tempore
276 1213 423 1271 Pasclcalc‘.

91 1295 240 1372 Alleluyc.
270 1294 299 1353 V.
326 1295 455 1370 Surgens
469 1294 491 1353 J
493 1315 558 1353 esus
572 1296 719 1355 Dominus
736 1301 837 1353 noster
849 1295 935 1354 stetit
948 1295 981 1352 in
994 1294 1091 1352 medio
1105 1292 1232 1368 discipu·

42 1399 127 1436 orum
141 1396 279 1435 suorum:
300 1381 331 1434 et
343 1376 431 1450 dixit,
446 1375 513 1434 Pax
525 1377 617 1435 vobis.

93 1481 256 1559 Sequentia.

331 1562 436 1621 Dulcis
450 1562 472 1621 J
473 1581 539 1621 esus
553 1563 734 1634 Nazarenus,

372 1644 394 1701 J
396 1643 547 1700 udaeorum
560 1665 615 1702 rex
628 1663 768 1717 amoenus,

374 1723 455 1797 Pius,
471 1725 600 1801 pulcher,
616 1725 756 1798 floridus,

334 1806 394 1863 Pro
407 1806 504 1863 salute
517 1826 577 1863 suae
591 1807 688 1883 gentis

374 1886 464 1944 Subit
476 1893 603 1943 mortem
617 1908 684 1945 eum
698 1888 864 1961 tormentis,

375 1967 484 2025 Factus
498 1968 619 2044 pallens,
635 1968 754 2026 lividus

335 2048 432 2106 Dulce
445 2067 553 2106 nomen
567 2057 598 2106 et
611 2069 792 2126 cognomen3

376 2128 445 2186 Hoc
459 2129 668 2187 transcendens
682 2137 726 2187 est
740 2149 910 2207 praenomen

378 2209 526 2267 Omnibus
539 2211 710 2268 nominibus
720 2232 729 2283 3

338 2289 453 2348 Mulcet
466 2292 551 2364 feros,
567 2297 653 2348 sanat
666 2312 741 2362 reos,

379 2372 474 2429 Fovet
487 2373 588 2443 bonos,
603 2374 702 2429 munit
715 2392 773 2446 ees,

379 2452 485 2510 Servat
499 2453 536 2510 ab
550 2453 718 2513 insulbibus.

339 2533 441 2608 Hujus
455 2533 531 2609 regis
545 2534 599 2590 sub
613 2535 731 2606 vexillo,

380 2615 468 2671 Statu
482 2614 563 2691 degis
576 2616 609 2671 in
624 2615 794 2692 tranquillo,

380 2694 492 2752 Hostes
506 2696 552 2752 tui
566 2696 705 2772 fugiunt3

340 2775 458 2832 Nomen
474 2776 537 2850 ejus
550 2777 728 2834 meditatum

382 2856 460 2912 Belli
473 2856 557 2933 fugat
570 2865 753 2934 apparatum,

382 2937 493 2994 Hostes
507 2938 580 2994 victi
593 2940 724 3016 rugiunt.

342 3024 411 3081 Hoc
425 3030 470 3080 cst
483 3043 590 3081 nomen
604 3026 800 3100 recolendum,

384 3103 462 3173 Quia
475 3124 588 3181 semper
601 3113 646 3163 est
660 3108 846 3166 tremendum

383 3185 526 3261 Malignis
540 3187 701 3262 spiritibus.

343 3271 413 3329 Hoc
427 3277 472 3328 est
485 3291 594 3329 nomen
607 3272 745 3345 salutare,

384 3352 426 3410 Et
439 3352 569 3409 solamen
583 3353 733 3430 singulare

385 3433 472 3502 Quod
486 3433 633 3490 succurrit
646 3435 791 3495 tristibus.

344 3520 413 3578 Hoc
426 3539 480 3576 nos
494 3520 578 3578 dccet
591 3520 743 3593 honorare,

384 3600 466 3659 Arca
479 3602 574 3658 cordis
587 3601 725 3675 inserere,

279 3733 285 3746 ,
385 3681 532 3757 Cogitere,
548 3702 709 3758 peremere,

386 3762 499 3819 Amore
513 3763 564 3820 sed
577 3763 702 3823 heroico,

348 3847 485 3927 Ignalius
499 3848 553 3907 hoc
567 3850 675 3922 docuit,

387 3929 470 3986 Illud
483 3950 585 4006 passus
598 3932 739 4005 insonuit,

390 4009 449 4066 Cor
462 4011 525 4085 ejus
539 4013 661 4070 scissum
675 4013 775 4090 patuit

390 4089 572 4168 Inscriptum
586 4094 608 4152 J
609 4114 661 4152 esu
674 4094 780 4153 caelico.

350 4176 398 4237 Ut
411 4178 483 4254 quid
498 4180 610 4254 majore.
623 4183 765 4256 cupimus,

392 4260 489 4329 Quam
503 4259 582 4336 quod
594 4260 617 4319 J
618 4280 684 4318 esus
697 4261 737 4319 sit
750 4260 882 4336 intimus,

392 4340 452 4410 Qui
466 4346 510 4397 cst
524 4342 812 4416 praeamantissimus,

392 4422 433 4479 Et
446 4423 554 4497 quaerit
567 4442 621 4480 nos
634 4442 741 4484 amare.
