2910 4904
417 293 487 357 Pro
505 291 612 379 plupu
633 293 838 360 Pestilentia
861 293 1028 360 cessando.
1265 297 1328 361 233

187 459 429 520 Poetcousmuuio.

188 541 383 618 Omnipotens
411 542 588 619 sempiterne
615 543 706 615 Deus,
733 543 786 619 qui
812 543 1118 601 commemorationem
1136 542 1328 600 Visitationis

84 664 88 673 ·
125 623 219 680 beatae
241 623 345 681 Mariae
360 623 483 700 virginis
503 623 562 681 Dei
581 624 646 682 fieri
658 624 798 697 voluisti3
819 630 934 702 praesta,
950 643 1125 700 quaesumus,
1146 631 1181 681 ut
1201 643 1255 700 per
1273 623 1328 681 hoc

125 703 300 761 sacrificium
328 705 406 781 quod
434 706 611 781 sumpsimus
636 706 674 764 ab
698 706 831 782 ejusdem
854 705 1033 763 visitationis
1056 705 1152 782 gratia
1174 724 1328 781 nunquam

127 785 302 843 excidamus.
348 786 406 843 Per
419 786 552 844 eundem.

610 933 702 994 From
720 934 786 993 MS.
808 933 845 992 D.

340 1039 406 1098 Pso
428 1056 527 1098 runos
547 1040 758 1099 Pnsrnunrnn
778 1057 935 1100 cussanus
955 1057 989 1098 nr
1009 1041 1142 1100 Porum.

189 1118 363 1274 itlilcifflre,
380 1201 515 1271 Domine,
532 1204 704 1260 testamenti
717 1203 773 1273 tui,
790 1209 821 1260 et
834 1203 882 1261 dic
895 1203 999 1280 angelo
1013 1201 1205 1279 percutienti;
1228 1202 1329 1259 (leseet

122 1281 372 1420 jampnanhpptpua,
383 1290 417 1339 ut
425 1303 486 1340 non
496 1283 644 1341 desoletur
651 1291 740 1355 terra,
749 1290 781 1341 et
788 1304 826 1342 ne
836 1284 941 1360 perdas
951 1303 1069 1341 omnem
1079 1284 1210 1341 animam
1218 1283 1327 1340 vivam.

191 1383 334 1537 Qiriesoat·
338 1445 411 1520 jam,
427 1445 563 1514 Domine,
578 1446 623 1503 ira
636 1453 688 1503 tua
702 1467 720 1504 a
733 1447 841 1523 populo
857 1452 927 1504 tuo:
945 1465 964 1503 a
976 1445 1098 1503 civitate
1112 1451 1213 1503 sancta
1226 1450 1288 1502 tue.

190 1525 352 1682 gfff-qui
373 1627 434 1665 non
454 1607 500 1665 vis
518 1614 652 1679 mortem,
667 1608 719 1666 sed
737 1607 941 1684 paenitentiam
958 1607 1104 1665 desideras
1124 1613 1330 1684 peccatorum

129 1687 272 1762 populum
285 1693 381 1759 tuum,
397 1708 572 1764 quaesumus,
586 1690 624 1746 ad
644 1695 676 1747 te
693 1696 831 1747 converte
848 1688 1002 1766 propitius,
1018 1695 1048 1746 et
1070 1695 1105 1745 ut
1126 1689 1184 1745 tibi
1205 1688 1330 1745 devotus

128 1768 248 1839 existat,
264 1768 423 1827 iracundiae
437 1776 497 1827 tuae
510 1769 628 1845 flagella
641 1771 678 1828 ab
692 1790 726 1828 eo
740 1789 884 1828 amoveas.
928 1770 986 1827 Per
999 1768 1170 1827 Dominum.

189 1848 285 1907 Lectio
299 1849 385 1909 iibri
397 1851 510 1926 Rapum
527 1853 566 1926 (2
580 1852 655 1911 cxiv.
675 1851 790 1926 15-25).

129 2010 146 2067 I
190 1929 230 2066 Ip
250 1929 353 1988 diebus
373 1932 451 1990 illis:
472 1933 603 1991 Immisit
623 1932 770 1991 Dominus
792 1931 993 2009 pestilentiam
1014 1952 1105 2007 usque
1126 1930 1167 1988 act
1186 1929 1273 2006 plaga
1292 1930 1330 1987 ab

147 2029 339 2152 sraedecuriata
383 2094 471 2152 Misit
492 2094 638 2154 Dominus
651 2098 776 2154 verbum
794 2115 889 2166 suum,
905 2101 936 2152 et
957 2093 1075 2152 sanavit
1097 2113 1154 2166 eos,
1170 2076 1201 2150 et
1222 2091 1332 2168 eripuit

130 2192 179 2230 eos
193 2173 229 2230 de
242 2175 369 2233 interitu
383 2195 493 2234 eorum.

129 2253 165 2391 ζ.
192 2254 398 2347 Donfiteantur
425 2256 554 2314 Domino
585 2257 792 2315 misericordiae
823 2258 895 2333 ejus,
923 2263 955 2314 et
987 2256 1134 2313 mirabilia
1165 2256 1228 2331 ejus
1259 2253 1329 2310 filiis

150 2354 290 2394 ominum.

190 2417 338 2493 Alleluya.
388 2419 417 2476 V.
441 2419 520 2476 Sana
542 2421 685 2496 populum
705 2439 805 2477 meum
825 2419 859 2476 in
878 2419 975 2476 medio
994 2418 1097 2490 Israel,
1112 2422 1143 2475 et
1164 2435 1213 2473 ero
1238 2415 1332 2473 eisin

131 2496 228 2554 Deum
242 2498 275 2554 in
288 2500 415 2556 veritate
429 2507 459 2556 et
469 2500 597 2576 justitia.

190 2578 357 2637 Secundum
369 2580 484 2638 Lucum
496 2581 553 2655 (iu.
571 2582 686 2657 38-44).

191 2659 230 2716 In
250 2661 302 2718 illo
323 2668 473 2737 tempore:
499 2662 629 2738 Surgens
651 2663 741 2720 Jesus
765 2663 801 2719 de
823 2668 970 2738 synagoga
993 2660 1131 2718 introivit
1154 2659 1186 2715 in
1211 2658 1331 2715 domum

131 2740 259 2798 Simonis
273 2761 363 2816 usque
376 2744 417 2800 ud
430 2743 592 2819 praedicans
613 2744 645 2801 in
659 2745 815 2821 synagogis
829 2743 966 2801 Galilaeae.

194 2821 386 2896 Offertorium.

192 2903 284 2960 Stetit
297 2904 432 2980 pontifex
445 2905 525 2963 inter
538 2912 670 2963 mortuos
683 2912 714 2963 et
727 2905 812 2962 vivos
824 2905 937 2962 habens
950 2903 1137 2960 thuribulum
1158 2920 1281 2959 aureum
1300 2900 1334 2957 in

130 3002 222 3040 manu
235 3003 297 3056 sua,
313 2991 344 3042 et
357 2986 480 3042 offerens
493 2987 646 3044 incensum
660 2987 795 3045 sacrificii
808 2986 920 3063 placuit
932 2985 1007 3042 iram
1021 2984 1153 3057 Domini,
1165 2989 1196 3041 et
1209 2981 1334 3040 cessavit

130 3064 218 3140 plaga
227 3084 245 3121 a
258 3066 367 3142 populo
382 3066 484 3124 Israel.

191 3145 312 3206 Secreta.

193 3225 359 3285 subveniat
373 3229 465 3299 nobis,
478 3249 654 3304 quaesumus,
667 3229 805 3301 Domine,
820 3227 955 3286 sacrificii
968 3228 1120 3304 praesentis
1134 3226 1254 3298 oblatio,
1266 3244 1332 3301 quae

132 3326 185 3363 nos
213 3309 250 3364 ab
278 3308 425 3366 erroribus
452 3311 597 3367 universis
620 3317 758 3387 potenter
778 3310 922 3380 absolvat,
947 3315 977 3367 et
999 3329 1017 3366 a
1040 3308 1133 3366 totius
1160 3306 1334 3384 perditionis

131 3388 252 3446 incursu
266 3396 402 3465 protegat
415 3396 446 3448 et
460 3392 605 3453 defendat.
650 3392 709 3450 Per
721 3390 893 3449 Dominum.

194 3468 375 3530 Communia

194 3550 362 3609 Multitudo
383 3552 589 3629 languentium
613 3560 643 3612 et
666 3554 719 3630 qui
738 3553 927 3611 vexabantur
952 3573 971 3609 a
997 3551 1151 3628 spiritibus
1175 3550 1335 3609 immundis

133 3631 295 3688 veniebant
308 3633 346 3689 sd
359 3652 426 3690 eum
440 3640 471 3691 et
484 3636 672 3708 curabantur,
688 3634 758 3712 quia
771 3636 866 3692 virtus
880 3654 918 3692 ex
930 3633 982 3690 illo
995 3633 1066 3692 ibat.

195 3712 436 3772 Postcoinmunio.

195 3793 314 3851 Exaudi
327 3814 389 3866 nos,
401 3795 484 3853 Deus
497 3797 635 3854 salutaris
645 3803 754 3869 noster,
765 3803 796 3853 et
809 3795 1009 3853 intercedente
1017 3796 1104 3853 beata
1114 3796 1173 3853 Dei
1186 3793 1334 3871 genetrice

134 3874 242 3945 Maria,
265 3877 407 3951 populum
431 3882 518 3933 tuum
539 3878 577 3935 ab
598 3878 757 3936 iracundias
776 3884 836 3934 tuae
849 3877 1012 3935 terroribus
1035 3877 1135 3948 libera,
1152 3881 1182 3933 et
1204 3875 1335 3951 ejusdem

133 3955 340 4014 misericordiae
354 3963 413 4014 tuae
427 3964 481 4015 tua
493 3958 539 4016 fao
553 3959 691 4036 largitate
704 3977 843 4016 securam.
888 3957 947 4015 Per
960 3959 1131 4018 Dominum.

555 4079 558 4085 ¹
622 4123 714 4182 aaut
727 4124 792 4183 us.
809 4124 845 4182 u

559 4229 609 4286 Dr
629 4245 741 4290 sarcio
761 4232 914 4291 Auromo.

198 4338 369 4415 Quicunque
392 4341 468 4399 huuc
489 4342 616 4402 Missum
639 4354 798 4420 sequentem
819 4347 914 4406 deuote
938 4347 1116 4406 oekbruuerit
1140 4349 1184 4408 vel
1202 4349 1337 4409 cekbruri

131 4421 333 4494 procuraverit
345 4421 390 4479 uel
397 4423 527 4482 audurit
540 4424 574 4483 iu
587 4425 692 4484 iuuere
704 4425 828 4486 Domini
841 4427 935 4487 rwetri
947 4429 1020 4488 Jesu
1034 4427 1148 4489 Christi
1160 4439 1185 4490 et
1198 4431 1337 4508 relipiosae
