2910 4904
187 314 249 374 188
557 272 730 374 orationes
752 329 814 392 pro
836 305 1018 394 Deficientis.

505 517 570 574 Puo
592 533 858 575 nnnnnscromnus
879 516 1066 575 Dnruncms.

250 599 358 656 Oratio

248 680 397 752 Miserere,
413 698 589 755 quaesumus,
604 678 741 748 Domine,
756 679 910 736 anima-bus
930 678 1063 735 omnium
1083 676 1309 737 benefactorum
1328 696 1390 737 nos·

185 767 302 819 trorum
315 761 538 833 defunctorum3
559 770 590 816 et
610 760 646 817 de
666 759 815 817 beneficiis
835 778 901 834 quae
921 759 1006 817 nobis
1025 759 1127 837 largiti
1147 765 1220 817 simt
1239 760 1275 817 in
1294 760 1388 833 terris,

187 842 308 917 praemia
321 848 431 898 aeterna
444 847 662 917 consequantur
675 840 707 896 in
721 838 807 897 caelis.
850 840 909 896 Per
923 839 1094 898 Dominum.

248 934 369 992 Secreta.

249 1015 377 1092 Suscipc,
394 1015 531 1085 Domine,
547 1015 609 1072 hoec
623 1033 755 1085 munera,
770 1033 835 1090 quae
849 1033 904 1091 pro
917 1014 1071 1071 animabus
1081 1013 1216 1071 omnium
1228 1014 1390 1072 benemcto

189 1116 256 1152 rum
279 1103 449 1152 nostrorum
476 1095 722 1170 requiescentium
747 1094 943 1166 immolamus,
965 1100 996 1152 et
1023 1114 1077 1172 pro
1104 1095 1256 1153 beneficiis
1280 1114 1387 1166 eorum,

187 1177 297 1252 quibus
325 1183 533 1248 sustentamuS,
563 1176 600 1233 da
628 1177 670 1232 eis
697 1175 926 1233 retributionem
952 1175 986 1233 in
1009 1195 1100 1253 regno
1127 1176 1277 1234 caelorum.
1334 1176 1390 1233 Per

190 1258 360 1315 Dominum.

250 1354 492 1413 Poatcommunio.

251 1437 376 1511 Sumpta
396 1442 587 1506 sacramenta,
606 1435 743 1506 Domine,
762 1454 816 1491 nos
836 1455 854 1492 a
871 1433 998 1492 vinculis
1018 1434 1173 1493 absolvant
1193 1440 1390 1512 peccatorum,

188 1524 220 1574 et
243 1517 398 1574 animabus
422 1517 555 1574 omnium
578 1517 798 1574 benefactorum
821 1523 990 1573 nostrorum
1014 1515 1223 1574 defunctorum
1246 1515 1393 1575 consortia

190 1598 345 1656 obtineant
359 1598 518 1674 spirituum
532 1599 693 1655 beatorum.
738 1596 797 1654 Per
810 1596 975 1654 Dominum
988 1603 1131 1657 nostrum.

487 1813 553 1869 Pno
575 1828 709 1870 cumnis
731 1828 890 1869 minuamus
912 1811 1097 1870 Dumnoms

254 1891 363 1952 Oratio.

253 1973 410 2045 Fidelium,
423 1974 513 2046 Deua,
527 1973 659 2030 omnium
670 1973 806 2030 conditor
819 1978 849 2030 et
862 1973 1038 2050 redemptor,
1050 1973 1205 2032 animabus
1215 1973 1394 2032 famulorum

192 2055 428 2130 famularumque
449 2059 568 2110 tuarum
589 2054 791 2111 remissionem
812 2063 985 2112 cunctorum
1007 2055 1105 2112 tribue
1125 2062 1336 2132 peccatorum
1361 2060 1394 2111 ut

192 2135 407 2210 indulgentiam
423 2155 510 2211 quam
532 2154 646 2211 semper
660 2140 847 2210 optaverimt,
862 2135 919 2212 piis
939 2136 1205 2213 supplicationibus
1218 2154 1395 2214 consequan-

193 2224 251 2273 tur.
296 2216 356 2285 Qui
369 2217 446 2272 vivis
460 2222 491 2272 et
504 2236 615 2292 regnas.

254 2308 375 2367 Secreta.

254 2389 387 2462 Hostias,
412 2409 589 2465 quaesumus,
616 2388 753 2460 Domine,
776 2409 848 2465 quas
873 2389 931 2447 tibi
957 2410 1010 2467 pro
1034 2390 1189 2448 animabus
1215 2390 1395 2449 famulorum

194 2471 430 2547 famularumque
451 2477 571 2527 tuarum
591 2470 749 2542 offerimus,
772 2470 951 2546 propitiatus
970 2471 1092 2528 intende
1103 2490 1112 2543 3
1137 2477 1174 2528 ut
1197 2473 1310 2548 quibus
1331 2470 1397 2529 fidei

195 2552 370 2609 Christiana
384 2552 524 2608 meritum
537 2551 699 2622 contulisti,
715 2552 805 2608 dones
819 2558 849 2608 et
862 2551 1026 2627 praemium.
1069 2552 1128 2610 Per
1148 2552 1317 2610 Dominum
1335 2570 1397 2609 noa

195 2642 283 2691 trum.

256 2727 498 2784 Poatccrnnmnio.

256 2808 432 2878 Animabus,
457 2826 632 2882 quaesumus,
656 2806 793 2878 Domine,
814 2806 993 2864 famulorum
1017 2806 1255 2885 famularumque
1277 2814 1397 2865 tuarum

195 2889 291 2946 oratio
312 2888 445 2964 proficiat
466 2887 696 2963 supplicantium
706 2907 714 2960 3
739 2894 773 2945 ut
793 2907 842 2945 eas
859 2894 891 2945 et
907 2909 926 2945 a
942 2889 1070 2965 peccatis
1090 2889 1229 2947 omnibus
1250 2908 1353 2963 exuas,
1368 2892 1397 2947 et

197 2977 256 3026 tuae
270 2969 481 3044 redemptionis
494 2968 583 3025 facias
597 2988 658 3026 esse
672 2969 836 3045 participes.
880 2969 940 3037 Qui
953 2969 1032 3026 vivis
1045 2975 1075 3027 et
1088 2988 1202 3047 regnas.

521 3198 588 3256 Pro
608 3215 764 3256 asininus
785 3216 895 3266 omaus
914 3216 1084 3257 muamus.

261 3278 369 3336 oratic.

260 3359 401 3431 Concede,
424 3378 599 3434 quaesumus,
623 3360 751 3418 Domine
772 3360 854 3417 Deus
874 3366 982 3434 noster,
1003 3367 1038 3418 ut
1058 3361 1164 3419 animae
1185 3381 1316 3438 quorum
1334 3360 1402 3441 qua'·

199 3460 323 3516 rumque
343 3442 650 3498 commemorationem
671 3442 790 3518 speciali
808 3442 963 3499 devotione
977 3442 1098 3519 agimuS,
1114 3451 1145 3500 et
1163 3462 1219 3519 pro
1232 3445 1343 3520 quibus
1355 3464 1403 3503 ex-

199 3540 281 3577 orare
291 3521 368 3596 jussi
382 3527 413 3578 et
426 3521 570 3579 debitores
585 3542 693 3594 sumus,
706 3529 795 3599 atque
806 3523 938 3579 omnium
952 3523 1236 3598 consanguineorum
1250 3544 1286 3583 ac
1299 3525 1404 3583 famili·

199 3602 294 3658 arium
315 3608 484 3658 nostrorum
505 3610 735 3678 cunctorumque
755 3603 887 3660 fidelium
904 3605 937 3660 in
958 3604 1070 3662 sinibus
1090 3610 1262 3662 sanctorum
1282 3612 1404 3665 tuorum

202 3683 391 3757 requiescant,
408 3703 536 3759 moxque
551 3705 587 3741 ex
602 3685 729 3741 mortuis
742 3685 908 3742 resuscitati
921 3685 979 3742 tibi
995 3685 1130 3762 placeant
1143 3685 1177 3741 in
1190 3687 1313 3763 regione
1325 3688 1405 3747 viro-

201 3784 274 3820 rum.
318 3765 376 3821 Pcr
390 3764 561 3822 Dominum.

260 3856 381 3914 Secreta.

261 3938 336 3995 Haec
355 3958 486 4008 munera,
502 3958 678 4013 quaesumus,
694 3939 831 4011 Domine,
846 3959 912 4015 quaa
932 3939 1025 3997 oculis
1045 3945 1104 3996 tuae
1125 3940 1293 4015 majestatis
1313 3940 1407 4001 offeri-

203 4039 276 4090 mus,
298 4020 452 4076 animabus
473 4019 651 4076 fumulorum
672 4019 907 4096 famularumque
927 4027 1056 4091 tuarum,
1071 4039 1200 4095 quorum
1221 4040 1407 4101 quarumque

201 4101 506 4157 commemorationem
520 4100 639 4176 speciali
652 4100 809 4157 devotione
822 4104 945 4178 agimus,
956 4107 987 4158 et
1000 4120 1054 4178 pro
1067 4101 1176 4176 quibus
1189 4122 1276 4161 orare
1285 4104 1365 4181 jussi
1376 4110 1407 4161 at

202 4182 348 4238 debitores
363 4200 473 4251 sumus,
489 4187 578 4256 atquc
593 4182 726 4237 omnium
742 4182 1026 4258 consanguineorum
1039 4201 1073 4239 ac
1086 4181 1281 4241 familiarium
1295 4192 1408 4243 nostro-

203 4281 269 4316 rum
283 4268 513 4337 cunctorumque
528 4261 659 4318 fidelium
674 4262 815 4319 salutaria
829 4282 890 4320 esse
904 4264 1048 4335 concede,
1067 4268 1102 4319 ut
1116 4269 1170 4321 tua
1182 4265 1297 4341 pietate
1308 4265 1409 4323 vinm-

203 4342 239 4475 llis
253 4342 405 4399 horrendae
416 4344 520 4400 mortis
531 4348 638 4415 cxutae,
651 4351 767 4399 aeterme
782 4344 976 4401 beatitudinis
988 4349 1160 4403 mereantur
1168 4364 1231 4403 esse
1240 4346 1408 4425 participas.

204 4421 262 4477 ''rr
276 4423 446 4481 Dominum.
