2910 4904
591 300 712 365 Prosae.
1036 271 1038 276 Ι
1187 307 1250 370 303

50 463 166 535 Quam*
180 466 277 542 elegit,
292 485 356 523 cum
373 468 497 524 excessit
511 467 548 523 ab
561 467 652 523 humo

49 552 154 623 Atque
174 547 279 604 mundi
300 547 492 622 perlustravit
512 549 568 605 sub
585 547 654 604 solis
667 547 752 605 radio
772 568 825 625 per
844 549 987 607 immensa
1006 569 1088 608 sacro
1102 550 1165 608 visa
1186 552 1251 609 Deo

132 627 222 684 dante
236 630 339 704 spatia,

51 708 192 765 Polorum
207 728 296 784 regna
309 709 446 766 scandere
460 710 551 785 possis
564 709 669 780 felicia,

51 789 193 864 Ejusdem
207 789 302 861 modo,
318 791 483 866 sanctisque
499 791 588 866 jungi
601 791 654 865 qui
668 791 732 848 Deo
746 810 860 868 semper
873 791 993 850 adstant
1006 792 1206 868 tripudiantes
1219 793 1251 850 in

132 870 236 946 patria,
253 870 449 946 multiplicata
462 872 569 946 quibus
583 871 667 930 doxa.

52 951 111 1007 Pro
124 952 232 1008 merita
244 952 384 1008 micantia
394 952 444 1008 dat
458 958 546 1008 actea.

52 1031 186 1100 Quorum
200 1041 235 1088 ut
249 1051 389 1108 queamus
403 1032 518 1089 unitate
533 1039 563 1089 et
576 1032 770 1090 consocietate
783 1033 917 1108 gaudere,

53 1113 158 1169 Preces
171 1113 337 1189 supplicum
350 1113 383 1168 in
396 1113 465 1170 caelo
479 1113 614 1188 perferas.

52 1193 118 1262 Quo
144 1213 198 1250 nos
222 1195 316 1270 pietas
343 1193 444 1250 divina
471 1214 565 1269 nuper
588 1194 678 1252 faciat
705 1199 772 1270 post
797 1195 887 1252 funus
914 1195 1100 1271 gratulanter
1123 1196 1249 1254 subvehi

132 1274 212 1331 ulnis
225 1274 311 1331 almis
324 1275 503 1349 angelorum.

53 1353 218 1430 Implorant
233 1355 409 1412 famulorum
422 1364 530 1412 sanctae
544 1355 645 1413 laudes
658 1375 731 1431 quas
744 1355 872 1412 celebrat
884 1356 966 1432 plebs
979 1356 1148 1415 monastica.

53 1434 142 1492 Nunc
156 1455 224 1511 ergo
238 1437 285 1512 pie
298 1437 360 1492 dies
374 1444 488 1492 nostros
502 1437 649 1494 obtenta†
668 1437 746 1493 dona
759 1455 829 1512 pace
842 1443 873 1494 et
888 1438 979 1494 vitam
993 1438 1127 1495 claritate
1140 1444 1249 1497 nostra.

53 1516 93 1572 Et
113 1535 166 1591 per
186 1518 291 1573 saecula
310 1517 372 1591 regi
393 1527 494 1573 nostro
515 1517 555 1573 sit
576 1517 663 1574 decus
677 1523 707 1574 et
727 1523 857 1593 potestas
877 1537 945 1574 cum
964 1519 1074 1576 sanctis
1094 1519 1147 1596 qui
1160 1519 1252 1577 donat

132 1598 219 1654 beata
235 1598 363 1674 praemia.
541 1610 543 1614 “

568 1755 724 1812 XLVIII.

515 1874 566 1930 Du
586 1873 784 1932 Vracrumus.

193 1965 243 2022 Ac
257 1966 418 2023 Ducentur.

197 2064 345 2141 Alleluya.

132 2161 202 2218 Duo
217 2179 336 2220 enonas
357 2179 446 2220 Panas
460 2170 561 2221 nostra
574 2164 689 2221 cantica
702 2163 833 2240 pulchra,

131 2242 308 2319 Virginibus
322 2245 375 2320 qui
388 2245 501 2302 confert
514 2265 603 2303 aurea
615 2245 707 2317 saecla,

131 2323 174 2379 Et
188 2326 357 2401 conjugatas
370 2345 471 2382 omnes
484 2326 521 2383 ad
535 2345 625 2402 regna
638 2331 725 2383 vocat
738 2325 806 2400 pius
819 2329 938 2396 aeterna,

133 2403 280 2461 Coronam
294 2406 362 2463 vitae
376 2406 476 2463 viduis
489 2412 520 2464 et
532 2406 683 2483 promittit
696 2406 759 2463 sine
772 2408 832 2463 fine
846 2406 1006 2482 pulchram.

133 2484 226 2560 Cujus
239 2486 311 2543 aula.
320 2506 374 2543 nos
387 2493 524 2564 expectat
538 2496 703 2563 peccatores
717 2493 747 2544 et
762 2486 869 2563 ampla,

133 2566 249 2640 Optans
263 2567 340 2624 cives
353 2586 407 2624 nos
420 2569 528 2626 habere
541 2588 615 2644 quos
628 2574 724 2626 mater
737 2567 868 2626 Ecclesia
880 2566 1011 2643 parturit
1024 2566 1157 2628 fecunda.

132 2645 218 2703 Celsa
232 2648 361 2704 carmina
375 2649 427 2705 ubi
441 2669 555 2726 semper
568 2669 669 2707 omnes
681 2649 777 2706 sancti
786 2648 927 2725 jubilant,

132 2727 194 2784 Ubi
210 2727 312 2803 gloria,
327 2749 386 2804 pax
400 2735 430 2786 et
444 2731 531 2805 plena
543 2731 606 2803 lux,
618 2730 676 2802 via,
691 2730 817 2787 felicitas
829 2729 959 2806 pullulat
972 2737 1003 2788 et
1015 2735 1087 2789 tota.

132 2808 198 2865 Ubi
212 2809 317 2884 pudica
330 2810 484 2885 virginalis
497 2817 616 2869 caterva

131 2888 211 2946 Lilia
224 2892 304 2946 intra
317 2896 348 2947 et
361 2910 441 2948 rosas
454 2891 583 2967 paradisi
596 2891 793 2968 pulcherrime
806 2896 947 2949 coruscat.

135 2970 279 3108 Angegica
288 2972 355 3108 pam
373 2991 440 3028 cum
458 2972 542 3048 plebe
559 2973 691 3048 gaudens
708 2992 811 3030 aurea:
831 2992 890 3049 quo
904 2973 1031 3030 clemens
1044 2972 1107 3050 ipsc
1120 2991 1174 3032 nos
1188 2991 1251 3049 per·

235 3071 288 3108 uca

132 3130 192 3200 Qui
205 3140 309 3209 regnat
321 3152 374 3209 per
387 3133 492 3191 saccula
504 3140 654 3211 perpetua.

587 3295 707 3353 XLIX.

193 3410 289 3468 Proso
303 3412 344 3468 ccl
356 3411 513 3486 Sequentia
528 3412 658 3470 Ostende
671 3413 777 3470 minor.

192 3506 341 3583 Alleluya

112 3603 285 3661 Paucanua
305 3621 445 3675 rosanus,

111 3684 202 3755 Deus,
218 3685 330 3742 animas
351 3696 381 3742 et
402 3686 595 3744 conscientias
608 3687 698 3766 digne
717 3688 836 3761 munda,
850 3694 886 3745 ut
898 3707 978 3747 nunc
991 3696 1093 3748 nostra
1113 3689 1249 3748 Christus

214 3767 334 3823 veniens
351 3767 438 3824 corda

111 3845 177 3902 Sibi
189 3846 323 3904 inveniat
336 3854 444 3923 parata.

635 4009 668 4067 Ia

192 4123 286 4180 Proca
299 4124 340 4181 ad
352 4123 508 4200 Sequentia
522 4125 650 4185 Ostende
664 4126 764 4204 major.

193 4220 342 4296 Alleluya.

133 4316 233 4376 Sanus
253 4336 383 4378 arrasa
402 4337 598 4382 manaremus
611 4323 716 4382 mundi
728 4323 800 4397 vita,
815 4331 955 4400 utsupra
969 4321 1039 4403 (vol.
1053 4322 1073 4382 i.
1089 4342 1116 4402 p.
1135 4322 1172 4400 l).

230 4446 244 4473 s
259 4446 421 4509 tua-quam.
842 4448 861 4500 Τ
875 4447 1069 4498 lid-obtentu.
