2910 4904
599 305 696 372 rara
716 305 876 394 Auseae.

197 471 340 548 Epistola.
384 472 598 548 Spectaculum.

199 553 335 613 Gradale.
378 552 494 610 Timete
509 553 681 611 Dominum.

196 634 347 711 Alleluya.
396 633 619 711 llFulgebunt
628 634 713 710 justi

197 715 398 792 annpelium.
442 715 518 773 Oum
531 715 694 774 audieritis.

199 795 391 872 Offirtorium.
435 795 603 855 Laetamini.

195 878 320 937 Secreto.
883 943 886 948 p

195 960 330 1036 Accepta
343 958 383 1016 sit
399 957 433 1014 in
453 962 612 1035 conspectu
631 962 693 1029 tuo,
709 957 846 1030 Domine,
861 966 970 1016 nostrae
985 959 1152 1018 devotionis
1173 962 1291 1034 oblatio,
1309 971 1340 1022 et

136 1059 238 1098 eorum
251 1039 337 1097 nobis
349 1039 403 1097 fiat
416 1039 630 1117 supplicatione
643 1039 781 1097 salutaris
791 1059 844 1116 pro
855 1059 981 1116 quorum
991 1042 1187 1100 sollemnitate
1198 1043 1336 1102 defertur.

137 1120 195 1179 Per
208 1120 381 1179 Dominum.

197 1200 380 1261 Cornmaaio.
424 1201 516 1279 Signa
528 1220 585 1260 eos.

194 1282 459 1341 Possumusne*

194 1363 313 1422 Refecti
346 1364 572 1441 participatione
606 1362 737 1420 muneris
771 1362 854 1434 sacri,
885 1383 1060 1438 quaesumus,
1090 1363 1219 1422 Domine
1255 1366 1338 1424 Deus

135 1452 243 1517 noster,
266 1452 302 1502 ut
326 1464 452 1521 quorum
476 1444 666 1521 exsequimur
689 1442 804 1518 cultum
827 1445 988 1502 sentiamus
1015 1445 1158 1503 effectum.
1202 1447 1261 1505 Per
1279 1448 1338 1506 Do·

135 1527 250 1584 minum
264 1532 409 1583 nostrum.

266 1685 305 1743 Iu
326 1686 457 1744 Vrcrnm
477 1702 584 1744 sancrr
605 1686 790 1756 Launuurn,
813 1703 974 1746 nasrrars.
1020 1689 1058 1769 (v.
1075 1690 1122 1749 Id.
1138 1691 1233 1770 Aug.)

196 1789 339 1866 Officium.

194 1873 350 1948 Dispersit‚
367 1873 448 1931 dedit
464 1873 661 1950 pauperibus:
679 1872 801 1948 justitia
815 1875 879 1950 ejus
892 1882 993 1934 manet
1013 1876 1045 1933 in
1066 1877 1205 1936 saeculum
1219 1881 1336 1940 saeculi:

133 1973 225 2011 cornu
239 1955 303 2030 ejus
317 1955 500 2012 exaltabitur
512 1953 546 2010 in
559 1953 659 2031 gloria.

194 2035 341 2093 Psobraas.

192 2116 306 2173 Beatus
319 2116 368 2173 vir
381 2117 433 2193 qui
446 2116 534 2174 timet
549 2116 731 2172 Dominum:
752 2115 785 2172 in
799 2117 948 2174 mandatis
962 2119 1026 2194 ejus
1039 2119 1120 2178 volet
1134 2121 1231 2180 nimis.

196 2194 307 2256 Oratio.

192 2278 315 2350 Adeste,
345 2277 482 2350 Domine,
512 2277 775 2353 supplicationibus
795 2278 911 2349 nostris,
941 2285 972 2336 et
998 2280 1207 2342 intercessione
1241 2286 1336 2342 sancti

131 2359 290 2416 laurentii
312 2360 451 2435 martyris
475 2358 521 2416 tui
545 2361 718 2434 perpetuam
746 2359 831 2415 nobis
853 2360 1082 2419 misericordiam
1109 2363 1254 2441 benignus
1282 2366 1334 2422 im-

130 2440 235 2516 pende.
280 2439 345 2498 Per.

193 2521 340 2578 Memorio
354 2520 387 2578 de
401 2529 498 2579 sancto
511 2521 652 2578 Bouiano,

193 2601 311 2677 Epistol
330 2645 336 2658 .

192 2682 363 2740 Oonfitebor
376 2682 432 2739 tibi
447 2683 574 2739 Domine
588 2701 650 2752 rex,
665 2681 700 2738 ia
715 2679 872 2739 Communi
885 2682 978 2738 uarius
991 2682 1122 2758 corqiaia

195 2763 331 2820 Grodole.

192 2844 351 2921 Dispersit‚
367 2844 448 2902 dedit
457 2845 652 2921 pauperibus:
668 2842 789 2918 justitia
802 2843 865 2919 ejus
879 2849 979 2900 manet
992 2844 1025 2901 in
1038 2846 1179 2908 saeculum
1193 2850 1299 2908 saeculi.

134 2925 163 2984 V.
190 2925 302 2983 Potens
316 2927 346 2982 in
361 2932 442 2982 terra
455 2926 513 2982 erit
525 2944 625 2982 semen
639 2925 719 3000 ejus:
739 2924 890 3000 generatio
904 2929 1051 2982 rectorum
1066 2927 1263 2988 benedicetur.

193 3007 229 3064 Si
241 3007 400 3064 Dominico
413 3007 459 3076 sit,
482 3005 630 3081 Alleluya.
681 3005 710 3061 V.
734 3004 845 3061 Beatus
858 3006 912 3064 vir.

193 3086 395 3162 Eooaqelium.
438 3086 605 3144 Secundum
619 3085 802 3143 Meliboeam.
846 3085 879 3143 Si
893 3087 958 3162 quis
971 3087 1045 3144 vult.

194 3167 389 3242 Offlrtoriom.

193 3250 298 3308 Oratio
311 3269 377 3306 mea
390 3248 501 3305 munda
514 3255 577 3305 est:
597 3254 628 3305 et
641 3247 706 3304 ideo
720 3252 789 3322 peto
803 3252 838 3303 ut
853 3247 939 3304 detur
952 3248 1032 3305 locus
1043 3249 1109 3306 voci
1123 3270 1195 3307 meae
1209 3253 1242 3308 in
1253 3253 1330 3323 calc,

129 3332 202 3409 quia
221 3331 264 3388 ibi
285 3336 330 3388 est
346 3330 441 3405 judex
461 3349 542 3386 meus
567 3335 597 3386 et
621 3328 752 3386 conscius
776 3347 859 3385 meus
883 3328 914 3385 in
939 3337 1101 3388 aeternum:
1133 3334 1270 3390 ascendat
1294 3336 1332 3392 ad

129 3413 298 3471 Dominum
312 3410 477 3487 deprecatio
490 3430 562 3468 mea.

192 3493 314 3551 Secreto.

193 3575 324 3645 Hostias,
349 3573 485 3644 Domine,
511 3592 583 3648 quas
610 3572 667 3628 tibi
694 3570 843 3628 offerimus
869 3570 1014 3646 propitius
1038 3572 1159 3648 suscipe,
1186 3580 1216 3630 et
1243 3575 1332 3632 inter-

127 3656 252 3714 cedente
279 3657 367 3711 beato
388 3655 551 3711 Laurentio
571 3660 701 3728 martyre
728 3658 789 3723 tuo,
812 3651 931 3708 vincula
955 3659 1140 3727 peccatorum
1161 3662 1330 3713 nostrorum

127 3737 257 3801 absolve.
302 3734 367 3792 Per.

193 3816 375 3875 Communia.
419 3815 479 3884 Qui
494 3815 559 3872 vult
572 3815 681 3873 venire.

191 3897 434 3956 Poatcommaaio.

191 3980 248 4051 Da,
279 3998 454 4054 quaesumus,
482 3976 610 4034 Domine
637 3975 720 4032 Deus
747 3980 857 4046 noster,
887 3980 922 4031 ut
956 3975 1033 4033 sicut
1064 3977 1144 4033 beati
1175 3978 1331 4036 Laurentii

128 4061 270 4136 martyris
285 4061 332 4117 tui
345 4059 620 4117 commemoratione
640 4055 797 4132 temporali
816 4055 1000 4131 gratulamur
1014 4058 1116 4126 officie,
1131 4058 1175 4114 ita
1189 4066 1330 4135 perpetuo

127 4143 264 4199 laetemur
291 4147 420 4217 aspectu.
476 4141 535 4198 Per
562 4137 726 4196 Dominum
754 4142 889 4194 nostrum
915 4137 937 4195 J
939 4157 1021 4195 esum
1046 4139 1199 4196 Christum
1219 4139 1330 4197 Filium

126 4230 224 4281 tuum.
269 4223 328 4292 Qui
341 4228 440 4279 tecum
453 4220 536 4278 vivit

189 4337 201 4360 '
218 4335 270 4381 MS.
287 4335 494 4381 D.-Sanctorum
510 4337 644 4393 martyrum
662 4335 759 4378 tuorum
777 4332 872 4390 Cyriaci
889 4331 1055 4389 sociorumque
1073 4331 1126 4389 ejus
1142 4333 1254 4390 precibus
1273 4349 1330 4380 con-

126 4396 395 4501 gdepitpffiuaesmus,
406 4393 516 4450 Domine,
527 4398 555 4441 ut
564 4407 608 4454 per
623 4406 651 4438 ea
666 4405 718 4451 quaa
733 4391 879 4450 sumpsimus
897 4396 985 4438 aeterna
1002 4391 1106 4437 remedia
1124 4392 1251 4452 capiamus.
1283 4395 1330 4441 Per
