2910 4904
130 325 239 391 Missa
253 325 293 391 ele
310 323 628 391 Commemoratione
643 299 871 410 apostolorum
884 323 983 390 Petri
997 331 1026 389 et
1039 282 1157 389 Pauli.
1206 329 1267 391 165
1317 412 1320 423 .

124 492 244 551 Secreta.

125 573 197 646 Tua,
213 572 350 644 Domine,
365 571 575 650 propitiatione
593 577 624 630 et
644 573 737 630 beatae
759 573 818 631 Dei
830 571 989 649 genetricis
1007 591 1122 649 semper
1141 573 1267 649 virginis

60 654 169 711 Mariae
182 655 400 725 intercessione,
416 652 454 710 ad
467 658 641 729 perpetuam
665 659 756 730 atque
778 659 954 729 praesentem
974 652 1036 711 haec
1057 652 1168 710 oblatio
1181 654 1267 712 nobis

59 735 196 811 proficiat
209 735 434 810 prosperitatem
448 741 479 791 et
491 753 601 810 paoem.
645 734 704 791 Per
717 734 849 792 eundem.

124 814 306 873 Communia.

121 895 222 952 Beatae
236 896 348 954 uiscera
362 894 467 952 Mariae
481 895 608 971 virginis
621 915 686 971 quae
700 900 897 972 portaverunt
909 895 1015 953 aeterni
1028 894 1128 952 Patris
1142 895 1262 956 Filium.

121 977 363 1034 Postcommum‘o.

120 1057 262 1133 Sumptis,
279 1058 417 1130 Domine,
432 1057 536 1114 salutis
552 1062 661 1114 nostrae
680 1056 827 1127 subsidiis,
842 1057 888 1128 da,
905 1076 1082 1133 quaesumus
1098 1058 1192 1115 beatae
1206 1058 1265 1115 Dei

56 1139 216 1215 genetricis
240 1157 411 1214 semperque
434 1137 562 1214 virginis
576 1136 681 1194 Mariae
702 1157 756 1194 nos
776 1137 947 1213 patrociniis
967 1137 1078 1213 ubique
1090 1139 1215 1216 protegi,
1231 1139 1263 1196 in

54 1220 142 1295 eujus
157 1219 348 1277 veneratione
361 1219 423 1276 haec
436 1224 496 1276 tuae
511 1219 675 1276 obtulimus
688 1219 845 1294 majestati.
889 1219 948 1275 Per
962 1219 1096 1276 eundem.

321 1407 361 1465 Iu
382 1407 674 1467 (lounnuosnmoun
693 1423 799 1466 snuom
821 1408 997 1466 Wrnnnnur.

118 1539 260 1614 Officium.
304 1539 417 1597 Statuit
431 1539 458 1596 ei
472 1539 629 1612 Dominus,
644 1559 710 1596 oum
725 1538 828 1596 Gloria
841 1539 874 1596 in
888 1536 1019 1599 escelsis.

118 1620 229 1679 Oratio.
274 1620 364 1690 Deus,
379 1619 505 1695 quinos

116 1700 234 1776 Epistol
252 1744 259 1757 .
302 1701 394 1758 Dedit
408 1701 555 1757 Dominus
568 1700 788 1758 confessionem.

117 1781 254 1839 Gradale.
297 1781 406 1838 Inveni
420 1781 526 1838 David.

115 1862 268 1937 Alleluya.
317 1862 346 1920 V.
375 1862 484 1920 Justus
506 1862 692 1938 germinabit.

115 1942 280 2018 Sequentia.
324 1942 471 2019 Sospitate
490 1944 614 2000 morbos.

115 2023 188 2081 Alia
211 2024 373 2098 Sequentia.
421 2024 499 2080 Voto
520 2043 600 2095 voce,
622 2024 791 2081 alternatim
805 2033 831 2082 et
857 2033 957 2098 cetera,
977 2034 1011 2082 ut
1028 2023 1113 2100 iufra
1136 2024 1259 2084 Oetaeas

54 2106 151 2163 samoti
171 2105 306 2162 Willelmi
315 2126 329 2175 ;
342 2104 386 2162 ael
400 2105 532 2177 Tractus,
547 2104 659 2161 Beatus
672 2104 726 2161 vir.

115 2185 319 2261 anaqelium.
362 2185 450 2242 Misit
462 2186 551 2243 lesus
565 2186 720 2242 duodecim
733 2185 899 2260 discipulos.

117 2267 310 2340 Offertom‘um.
354 2265 480 2324 Veritas.

115 2347 237 2405 Secreta.
281 2347 417 2419 Munera,
437 2347 572 2404 Domine.

117 2428 301 2486 Communia.
345 2428 456 2486 Beatus
470 2447 577 2485 servus

115 2510 358 2568 Postoommuaio.
403 2509 554 2586 Supplices
568 2514 598 2566 te
611 2527 756 2584 rogamus.

206 2694 247 2750 Iu
269 2691 560 2751 Oouunuossmouu
580 2707 799 2750 nrosrouoauu
818 2691 915 2748 Pmm
937 2708 975 2748 nr
997 2691 1105 2748 Pnum.

115 2821 257 2896 Officium.
302 2821 381 2879 Mihi
394 2827 505 2893 autem,
520 2840 587 2878 cuna
601 2820 705 2877 Gloria
718 2819 751 2876 in
765 2819 895 2879 excelsis.

115 2903 227 2962 Oratio.
271 2903 362 2974 Deus,
377 2903 461 2977 cujus
475 2902 603 2958 dextera.

112 2983 256 3060 Epistola.
300 2982 346 3040 Hi
367 2989 438 3040 sunt
459 2983 518 3039 viri
539 2981 756 3054 misericordiae,
775 2982 889 3057 require
905 2982 939 3039 iu
959 2982 1042 3040 Eesto
1058 2981 1259 3057 plurimorum

60 3075 232 3140 orrartqrum.

70 3210 73 3215 ξ
113 3146 164 3203 Ad
179 3145 303 3202 Galatae
315 3144 366 3219 (ii.
385 3143 482 3219 6-10).
511 3215 513 3217 .

114 3227 257 3283 Fratres:
278 3225 361 3282 Deus
374 3244 529 3300 personam
547 3224 675 3281 hominis
693 3244 754 3280 non
772 3224 880 3300 accipit
900 3244 991 3299 usque
1008 3227 1049 3281 ael
1069 3225 1149 3300 quod
1170 3225 1260 3282 etiam

56 3307 198 3364 sollicitus
212 3326 280 3364 sum
292 3306 347 3363 hoc
361 3306 458 3382 ipsum
471 3306 575 3377 facere,
591 3305 631 3361 In
646 3304 766 3362 Ohristo
780 3306 802 3362 J
803 3325 855 3362 esu
869 3305 999 3362 Domino
1013 3314 1123 3364 nostro.

113 3387 185 3445 Istae
199 3387 266 3444 duee
280 3387 418 3462 Epistola
431 3387 565 3443 diceretur
578 3385 755 3443 alternatim.

115 3467 253 3527 Gradale.
297 3466 467 3525 Constitues
481 3486 537 3525 eos.

106 3549 259 3624 Alleluya
309 3549 339 3606 V.
362 3548 419 3605 Isti
433 3554 504 3605 sunt
522 3548 588 3604 duae
607 3547 692 3604 olivae
712 3553 743 3604 et
760 3547 819 3604 duo
841 3547 1018 3604 candelabra
1038 3547 1170 3604 lucentia
1190 3553 1259 3604 aute

58 3631 227 3690 Dominum.
251 3629 375 3687 Habent
387 3635 566 3705 potestatem
579 3628 714 3685 claudere
728 3628 832 3684 caelum
846 3628 976 3685 nubibus
990 3634 1021 3685 et
1034 3627 1148 3703 aperire
1159 3634 1261 3703 portas

53 3713 136 3787 ejus,
156 3711 228 3787 quia
241 3711 351 3786 linguae
366 3729 467 3767 eorum
481 3709 578 3766 claves
592 3710 656 3766 caeli
670 3710 757 3766 factae
772 3714 850 3766 sunt.

113 3791 156 3849 Iu
186 3801 307 3866 tempore
335 3790 483 3860 Paschali,
505 3791 654 3866 Alleluya.
713 3790 742 3847 V.
774 3789 824 3846 Ite
848 3789 988 3846 nuntiate
1012 3788 1156 3846 iratribus
1176 3789 1258 3860 meis,

56 3878 89 3929 ut
102 3878 172 3930 eant
185 3873 217 3928 in
233 3871 403 3929 Galilaeam:
418 3872 462 3928 ibi
475 3891 523 3928 me
535 3871 690 3928 videbunt.

110 3953 146 4012 Si
160 3952 245 4027 iufra
257 3952 513 4029 Septaaqesimam,
528 3952 660 4024 Tractus,
677 3951 737 4020 Qui
750 3950 886 4024 seminat,
896 3959 930 4008 ut
948 3950 982 4007 ia
996 3949 1154 4008 Oomraurei
1167 3951 1260 4007 auius

56 4055 184 4110 mrqmrs.

111 4115 277 4189 Sequeatia.
321 4115 388 4173 Hac
402 4114 435 4170 in
448 4113 503 4170 die.

111 4196 184 4253 Alia
203 4195 367 4270 Sequeut'a.
402 4195 441 4251 In
463 4194 606 4252 sollemni.
646 4193 799 4251 Dicuutur
820 4193 1013 4262 alternatim·
1038 4192 1151 4266 require
1174 4191 1259 4265 iufra

51 4277 176 4336 Oetaeae
188 4276 386 4352 apostolorum
398 4276 483 4334 Petri
496 4284 522 4333 et
532 4274 634 4348 Pauli,
649 4275 684 4331 iu
699 4274 864 4332 Oommurei.

110 4357 313 4432 anaqelium.
374 4356 473 4415 lussit
503 4355 600 4428 lesus,
628 4356 743 4431 require
781 4354 864 4429 iufra
905 4353 1027 4414 Oetaeas
1061 4352 1259 4430 apostolorum

47 4440 133 4498 Petri
146 4447 173 4498 et
185 4437 286 4496 Pauli.
