2910 4904
134 275 176 338 30
601 274 698 339 Festa
720 273 866 358 Aprilis.

132 441 239 498 mentis
251 461 260 513 3
287 439 488 496 intercedente
514 440 600 496 beato
629 440 756 516 Georgio
782 446 914 517 martyre
941 447 1003 513 tuo,
1025 442 1083 499 tibi
1106 442 1197 500 etiam
1217 443 1339 520 placitis

131 522 262 579 moribus
282 521 439 597 dignanter
459 521 573 578 tribuas
594 521 748 579 deservire.
802 522 860 578 Per
880 522 1051 580 Dominum.

189 613 225 672 Si
237 613 358 672 Festum
371 614 466 670 suncti
482 613 597 688 Geerqie'
611 624 678 672 arete
692 614 808 672 Pascleu
822 616 944 672 evenerit
958 616 1075 673 dicatur
1089 617 1129 674 ael
1142 617 1278 676 Miserere.

193 706 333 781 Officium.
378 707 551 764 Laetabitur.

193 799 328 859 Gradele.
373 800 513 858 Posuisti.

192 895 324 951 Tractus.
368 893 564 950 Desiderium.

192 986 386 1059 Qffertore'um.
430 986 469 1042 In
484 987 603 1044 virtute.

191 1078 373 1137 Communis.
417 1079 478 1148 Qui
491 1079 558 1135 vult
572 1079 680 1135 venire.

289 1324 330 1380 Is
349 1323 586 1380 Tnsnsnsrmun
606 1337 714 1379 sunem
735 1321 906 1394 ernrnr,
928 1339 1170 1382 sscmnmscorn

599 1436 672 1514 (viii.
690 1437 759 1494 Kal.
776 1435 863 1513 Mai.)

189 1586 330 1662 Officium.
374 1585 488 1643 Statuit
501 1586 536 1642 ei.

189 1680 299 1738 Oratio.

187 1762 277 1832 Deus,
301 1760 354 1836 qui
374 1760 496 1816 beatum
516 1743 692 1816 Wilfridum
717 1759 911 1817 confessorem
935 1766 1022 1816 tuum
1046 1767 1135 1837 atque
1158 1760 1331 1836 pontificem

125 1843 317 1911 transtulisti,
333 1842 370 1897 da
384 1841 470 1897 nobis
483 1859 536 1915 per
549 1842 613 1915 ejus
627 1839 734 1897 merita
747 1841 873 1916 gloriosa
894 1841 931 1898 ad
952 1841 1060 1917 gaudia
1079 1842 1208 1900 transire
1228 1861 1333 1919 peren·

125 1926 183 1983 nia.
228 1923 286 1980 Per
300 1921 465 1978 Dominum
479 1928 622 1978 nostrum.

186 2016 328 2092 Epistola.
372 2015 448 2071 Ecce
462 2014 595 2071 sacerdos
609 2034 741 2090 magnus

185 2097 335 2172 Alleluya.
385 2096 414 2154 V.
437 2095 545 2152 Justus
558 2095 745 2170 germinabit.

184 2178 333 2254 Alleluya.
383 2177 411 2234 V.
436 2176 574 2233 Surrexit
588 2177 744 2247 Dominus
761 2182 792 2232 et
805 2196 968 2234 occurrens.

244 2299 408 2374 &mmm
491 2338 654 2394 salvatoris
667 2338 832 2395 clementiee

486 2418 612 2475 Dulcem
626 2425 738 2496 pangat
751 2420 913 2478 harmonia

526 2499 685 2556 Modulum
700 2501 847 2558 Ecclesiae.

486 2581 546 2650 Qui
560 2582 592 2637 in
607 2583 717 2638 sanctis
731 2583 876 2638 mirabilis

484 2663 540 2719 Est
554 2670 584 2719 et
597 2665 708 2719 mundo
722 2663 876 2738 placabilis

524 2744 644 2799 Horum
657 2764 711 2818 per
724 2745 869 2821 suffragia.

483 2837 545 2892 Hic
559 2842 604 2893 est
617 2837 838 2912 paterfamilias,

485 2917 544 2986 Qui
558 2937 642 2974 mnes
656 2919 750 2974 servis
764 2920 837 2976 dans
851 2919 982 2995 singulas

524 2997 716 3055 Profecturus
729 3019 858 3075 peregre,

482 3079 543 3136 Pro
556 3079 678 3136 talentis
691 3081 848 3155 geminatis

482 3161 619 3218 Pretium
633 3161 786 3218 fidelitatis

522 3241 636 3298 Stelam
649 3243 747 3299 reddit-
760 3244 869 3319 gloriae.

482 3334 636 3392 Gloriatur
650 3336 704 3392 hac
718 3336 843 3394 indutus

481 3416 641 3473 Wilsridus
655 3418 688 3473 in
702 3419 885 3490 caelestibus3

481 3498 571 3571 Lapis
585 3498 671 3555 domo
685 3499 846 3557 collocatus

520 3578 638 3636 Caelesti
651 3579 881 3638 decentissimus

480 3659 542 3716 Hic
557 3666 602 3716 est
615 3659 690 3735 lapis
704 3662 916 3736 amplexandus

480 3741 626 3798 Velamen
640 3760 700 3797 non
713 3742 900 3814 habentibus

480 3821 570 3878 Prece
584 3822 691 3878 tollens
704 3824 819 3898 pondus
833 3825 934 3901 culpae,

520 3903 560 3958 Et
573 3903 701 3960 induens
713 3905 884 3963 virtutibus

480 3997 566 4065 Quod
579 3998 612 4053 in
626 3998 714 4055 terris
727 4000 848 4069 meruit,

479 4078 649 4135 Innumeris
662 4080 769 4137 claruit

520 4159 579 4216 Per
593 4161 694 4216 orbem
708 4160 867 4231 miraculis

480 4241 552 4310 Quae
567 4239 703 4298 Christus
716 4242 854 4300 exhibuit

479 4322 536 4380 Oui
550 4342 610 4379 esse
624 4323 749 4396 studuit,

518 4403 642 4462 Placens
656 4405 719 4462 sine
733 4405 863 4465 maculis.
