2910 4904
665 272 761 336 Festo
782 271 888 338 Juttt.

363 487 474 545 Siron
497 487 683 560 Gnrnmnm,
706 504 913 547 comssoms.
958 488 1031 568 (viii.
1047 489 1094 547 Id.
1110 489 1187 569 Jul.)

235 617 375 694 Officium.
420 619 461 677 Os
470 620 556 695 justi.

235 701 345 759 Oratio.
388 701 511 757 Adesto.

232 781 374 857 Epistola.
418 781 440 839 J
441 790 526 839 ustus
540 800 590 838 cor
603 801 698 839 suum.

235 862 370 920 Crudele.
414 862 455 920 Os
465 863 550 938 justi.

232 944 381 1019 Alleluya.
430 943 458 1001 V.
481 943 590 1001 Justus
602 943 789 1018 germinabit.

232 1024 433 1099 Evonpetiom.
477 1025 575 1081 Nemo
589 1023 748 1081 lucernam.

234 1104 427 1180 offertorium.
470 1104 600 1162 Veritas.

235 1186 418 1246 communio.
462 1185 573 1243 Beatus
587 1205 696 1243 servus.

267 1399 394 1457 smum
414 1399 592 1470 Evumnms,
615 1414 753 1456 rutenus
773 1413 835 1455 nou
856 1414 1016 1476 nisurum.
1061 1398 1123 1476 (vii.
1140 1398 1186 1457 Id.
1200 1399 1282 1475 tur)

233 1543 374 1618 Officium.
418 1541 563 1599 Dilexisti
572 1541 731 1616 justitiam.

233 1625 343 1683 Oratio.
388 1623 584 1699 Omnipotens
598 1623 775 1698 sempiterne
790 1621 880 1679 Deus.

232 1706 372 1781 Epistola.
417 1705 478 1773 Qui
490 1703 642 1778 gloriatur.

234 1786 368 1844 martae.
412 1785 539 1860 Propter
553 1784 716 1840 veritatem.

230 1867 381 1942 Alleluya.
430 1865 458 1922 V.
481 1864 629 1920 AEmulor.

231 1947 394 2022 Sequentia.
438 1945 576 2021 Virginis
589 1945 772 2003 venerandae.

231 2026 432 2102 Evertqelium.
477 2025 580 2082 Simile
594 2032 639 2082 est
652 2044 776 2100 regnum
789 2026 926 2084 caelorum
940 2027 1040 2085 decem
1053 2026 1229 2104 virginibus

233 2107 424 2183 Offirtortum.
469 2106 646 2177 Offerentur,
661 2107 769 2162 uticus.

233 2189 415 2249 Communia
459 2188 597 2263 Quinque
611 2187 780 2263 prudentes.

281 2403 469 2460 Snucroeun
490 2417 606 2458 sermm
631 2401 794 2473 anrnon,
819 2417 998 2460 uinrrnun.
1044 2403 1095 2480 (vi.
1118 2403 1164 2462 Id.
1186 2404 1265 2482 Jul.)

234 2536 375 2611 Officium.

231 2618 373 2688 Loudate,
397 2616 490 2692 pueri,
518 2615 690 2686 Dominum,
714 2616 833 2672 laudate
856 2635 964 2674 nomen
987 2616 1128 2676 Domini:
1163 2619 1217 2696 qui
1238 2619 1377 2679 habitere

169 2699 239 2759 fecit
253 2699 384 2756 sterilem
396 2699 429 2755 in
443 2698 530 2754 domo
544 2703 670 2754 matrem
684 2696 813 2754 filiorum
827 2696 987 2755 lectantem.

231 2780 378 2836 Peatmus.

231 2861 277 2918 sit
312 2878 419 2917 nomen
455 2858 579 2915 Domini
614 2858 819 2915 benedictum:
861 2878 899 2915 cx
933 2859 998 2932 hoc,
1029 2879 1118 2932 nunc,
1151 2867 1182 2918 ct
1213 2882 1308 2940 usquc
1342 2863 1391 2923 in·

170 2941 318 3000 saeeulum.

234 3021 344 3079 Oratio.

231 3103 351 3172 Praesta,
367 3119 543 3178 quaesumus,
560 3100 746 3175 omnipotens
763 3102 854 3173 Deus,
869 3108 905 3158 ut
919 3102 971 3178 qui
984 3102 1126 3179 gloriosos
1145 3111 1294 3182 martyres
1305 3112 1377 3166 tuos

169 3185 260 3242 sortes
274 3184 305 3239 in
320 3202 373 3239 sua
386 3181 566 3239 confessione
580 3182 778 3256 cognovimus,
794 3183 858 3258 pios
872 3183 951 3259 apud
963 3193 993 3241 te
1004 3185 1036 3241 in
1049 3190 1152 3244 nostro
1164 3185 1377 3247 intercessione

171 3265 342 3324 sentiamus.
385 3263 450 3320 Per.

230 3345 369 3420 Epiron.
414 3343 665 3400 Rememoramini
685 3343 826 3419 pristinos
847 3344 917 3402 dies.

233 3425 368 3483 Grodole.
410 3424 524 3481 Anima
545 3431 653 3481 nostru.

230 3507 379 3581 Alleluya.
428 3505 457 3562 V.
481 3505 622 3575 Laudato,
637 3505 722 3581 pueri
736 3505 909 3576 Dominum,
925 3508 1044 3567 laudate
1057 3527 1166 3567 nomen
1180 3509 1315 3569 Domini.

230 3587 431 3661 Eeonpelium.
475 3586 629 3662 Loquente
649 3587 730 3643 Jesu

232 3669 426 3742 offertorium.
470 3668 584 3723 Animo
604 3674 711 3724 nostru.

231 3750 353 3808 Secreta.

230 3830 386 3888 sacrifieiis
414 3829 617 3904 praesentibus,
642 3829 779 3899 Domine,
807 3850 982 3905 quaesumus,
1011 3831 1133 3890 intende
1166 3833 1309 3909 placatus,
1338 3840 1376 3893 ut

169 3912 419 3970 intercedentibus
438 3910 546 3966 sanctis
564 3909 625 3966 tuis
643 3910 793 3967 devotioni
815 3918 922 3969 nostroe
944 3913 1100 3988 proficiunt
1120 3919 1152 3971 et
1172 3914 1271 3973 saluti
1315 3915 1377 3975 Per

173 3994 344 4051 Dominum.

231 4073 414 4133 commoto.
459 4072 636 4147 Quicunque
649 4071 760 4129 feeerit.

230 4154 475 4214 Postcommunio.

231 4238 414 4306 Quaesumus,
434 4235 619 4310 omnipotens
637 4232 727 4303 Deus
746 4240 781 4290 ut
803 4234 1055 4294 intercedentibus
1077 4236 1187 4296 sanetis
1208 4238 1271 4297 tuis
1291 4238 1374 4297 illius

169 4318 306 4454 slplutan's
320 4317 470 4394 capiamus
483 4316 630 4385 effectum,
646 4314 730 4389 cujus
754 4334 807 4391 per
828 4316 889 4374 hoec
908 4318 1050 4394 mysterio
1070 4319 1178 4396 pignus
1199 4319 1371 4397 accepimus

197 4418 235 4456 er.
