2910 4904
620 353 715 416 Festo
730 351 831 416 Maii.

322 552 433 610 Sinon
453 552 613 610 Jonsnnrs
634 570 675 609 na
696 553 891 610 annnmoo.
936 552 1027 629 (Non.
1045 551 1131 630 Mai.)

189 675 330 750 Officium.
373 675 487 733 Statuit
501 677 535 733 ei.

189 756 298 814 Oratio.

187 838 278 907 Beue,
302 838 354 913 qui
378 845 552 913 praesentem
576 838 654 894 diem
678 840 759 896 beati
785 838 934 896 Johannis
961 837 1133 895 confessoris
1160 837 1208 894 tui
1236 844 1329 914 atque

125 918 273 996 pontificis
295 919 470 993 migratione
492 919 674 991 consecrasti,
692 920 729 976 da
750 920 875 976 ecclesiae
895 925 955 976 tuae
971 919 1060 994 digne
1078 919 1115 975 de
1134 919 1198 995 ejus
1212 918 1329 977 sollem-

124 1001 219 1057 nitate
233 999 368 1076 gaudere,
384 1006 419 1055 ut
433 1000 512 1074 apud
526 1001 755 1057 miscricordiam
769 1006 852 1058 tuam
866 1000 1008 1075 exemplis
1022 1000 1085 1073 ejus
1105 999 1283 1074 adjuvemur
1297 1007 1328 1058 et

126 1081 247 1138 meritis.
289 1079 347 1137 Per
361 1081 532 1137 Dominum.

186 1161 328 1236 Epistola.
372 1161 448 1218 Ecce
461 1163 600 1218 sacerdos.

188 1240 334 1316 Alleluya.
384 1242 413 1298 V.
436 1241 543 1300 Justus
556 1243 742 1317 germinabit.

185 1322 332 1397 Alleluya.
376 1323 406 1381 V.
427 1323 466 1380 In
480 1324 528 1380 die
542 1324 763 1381 resurrectionis
784 1343 864 1394 mea,
880 1323 952 1380 dicit
973 1322 1140 1380 Dominus:
1162 1324 1327 1399 praecedam

124 1424 177 1463 vos
190 1406 223 1460 in
237 1403 389 1461 Galilaeam
405 1401 461 1483 [vel
474 1406 508 1461 de
523 1404 832 1462 decertante—MSS.
848 1406 887 1477 A,
904 1405 940 1475 Β,
957 1402 1064 1476 O,'and
1078 1401 1126 1482 G].

186 1485 349 1560 Sequentia.

491 1566 604 1637 Gaude,
618 1572 714 1624 mater
728 1565 868 1638 Ecclesia,

490 1648 530 1704 In
544 1648 673 1705 filiorum
687 1648 798 1724 gloria:

491 1729 571 1798 Quos
584 1729 686 1804 parta*
701 1728 826 1785 uictoria

531 1811 604 1866 Oaeli
618 1812 745 1885 suscepit
759 1809 846 1866 curie.

490 1891 540 1949 Ibi
553 1891 632 1947 solus
645 1890 787 1947 continua

531 1972 571 2027 Et
585 1991 645 2047 pax
658 1972 740 2047 viget
752 1977 912 2047 perpetua:

489 2052 539 2108 Ibi
554 2052 612 2109 Dei
626 2054 782 2126 praesentia

530 2133 623 2190 Plena
636 2133 687 2189 dat
701 2133 811 2190 sanctis
823 2132 948 2210 gaudia:

489 2213 538 2271 Ibi
551 2214 573 2271 J
575 2214 721 2270 ohannem
736 2214 834 2270 caelica

529 2296 672 2352 Sanctum
686 2295 858 2352 demulcent
871 2295 1002 2352 cantica:

488 2376 581 2451 Cujus
595 2376 658 2431 vita
671 2375 855 2432 sanctissima

528 2457 689 2513 Virtutum
703 2457 819 2532 fulget†
832 2457 927 2532 gratia

488 2539 593 2594 Mutus
606 2539 705 2610 sutur3
726 2544 756 2594 et
769 2537 889 2613 fugatur

528 2619 642 2695 Capitis
656 2618 846 2689 obscaenitas;

488 2700 561 2756 Post
576 2700 703 2756 salutem
717 2701 808 2756 vestit
822 2705 920 2756 cutem

528 2775 664 2836 Crinium
678 2780 839 2837 amaenitas.

489 2861 567 2917 Dum
582 2861 740 2918 defunctus
754 2868 829 2917 esset
842 2866 950 2918 unctus

527 2942 718 2999 Sacrosnncto
732 2943 898 3012 chrismate,

485 3022 569 3079 Mors
583 3023 700 3093 recedit,
716 3023 780 3079 vita
794 3023 872 3079 redit

526 3104 637 3161 Orante
652 3104 798 3178 pontifice.

485 3184 675 3260 Obstupescit
689 3185 793 3241 hausto
807 3191 880 3260 potu

525 3265 624 3322 Plebis
638 3265 790 3336 adunatio,

485 3347 571 3416 Quod
585 3347 709 3421 liquoris
725 3345 872 3402 benedicti

525 3427 596 3483 Non
611 3434 645 3484 lit
660 3427 826 3484 minoratio.

483 3506 597 3584 Lapsus
611 3528 686 3583 equo
702 3507 889 3577 convalescit,

484 3589 525 3646 Et
539 3589 674 3645 laesuram
688 3589 774 3644 laesus
788 3589 882 3645 nescit

524 3670 663 3727 Praesulis
677 3670 850 3745 precamine.

484 3752 587 3826 Surgit
601 3772 672 3807 sana
685 3751 839 3821 monialis;

484 3832 651 3889 Mundatur
664 3838 800 3887 matrona
814 3830 899 3886 malis

524 3912 664 3988 Ejusdem
674 3913 836 3986 juvamine.

484 3995 608 4051 Sanctus
623 4013 709 4049 orans
723 3993 808 4049 corde
821 3991 932 4049 mundo

484 4075 545 4131 Dat
559 4074 686 4130 salntem
701 4073 886 4145 moribundo,

524 4156 631 4211 Turbis
645 4155 867 4213 admirantibus.

484 4238 543 4293 Res
557 4236 692 4292 miranda
706 4255 757 4292 vas
771 4240 941 4310 quassatum

485 4317 602 4373 Vinum
615 4323 713 4373 servat
725 4317 883 4384 illibatum,
955 4317 957 4322 '

524 4398 639 4455 Fractis
653 4398 730 4455 vasis
743 4397 886 4473 partibus.

240 4505 253 4528 ¹
269 4503 299 4549 al.
310 4505 417 4561 peracto:
434 4501 463 4547 ol.
475 4504 572 4560 parata·
936 4497 993 4556 †ul.
1006 4496 1081 4551 fulsit.
