2910 4904
556 281 605 346 Dc
627 286 740 347 cuncto
761 279 925 345 Antonio.

446 450 513 519 Quo
526 449 589 506 viso
604 469 721 525 serpens
735 449 884 524 antiquus,

487 531 599 588 Christi
612 550 697 587 servo
712 531 858 600 inimicus,

527 611 679 687 Praeparat
691 611 814 669 insidias
824 632 833 683 3

447 692 558 749 Oellam
572 691 653 749 subit
667 693 729 749 sine
743 712 833 763 mora,

485 774 526 831 Et
539 773 623 848 quasi
636 773 720 849 virgo
735 773 839 830 decora

525 853 589 911 Sibi
603 855 655 911 dat
668 853 835 911 blanditias

443 947 511 1017 Quo
525 953 682 1022 compert0,
697 947 781 1004 miles
795 946 882 1003 fortis

484 1028 599 1103 Inquit,
615 1028 707 1100 Oubs,
722 1028 813 1085 fomes
827 1027 940 1098 mortiS,

524 1110 619 1183 Super
631 1109 678 1165 his
692 1109 878 1165 carbonibus.

442 1190 566 1246 Daemon
580 1190 659 1266 fugit
671 1190 880 1265 perturbatus3

482 1270 566 1340 Mox,
581 1271 762 1327 doemonibus
776 1271 903 1347 stipatus

522 1352 614 1408 Hunc
629 1351 716 1408 eaedit
730 1351 908 1408 verberibus.

439 1446 462 1504 J
464 1447 488 1521 ej
493 1446 571 1502 uniis
584 1451 756 1514 maceratus,

481 1526 632 1583 Mundum
640 1546 788 1602 spernens,
800 1526 918 1584 Christo
929 1533 1039 1604 gratus,

521 1607 626 1664 Carnis
640 1607 729 1664 solvit
743 1607 896 1680 debitum;

440 1688 588 1764 Quicquid
601 1689 668 1764 igne
682 1688 850 1745 trucidatur

480 1769 654 1842 Gehennali,
670 1769 814 1826 liberatur

520 1850 566 1907 Ob
580 1851 672 1926 ipsius
686 1851 833 1907 meritum.

441 1943 531 2001 Nunc
545 1945 677 2001 exsultat
690 1944 848 2016 laureatus,

478 2025 561 2082 Stolo,
574 2025 644 2082 vitoe
659 2025 821 2097 decoratus,

517 2106 557 2163 In
571 2106 680 2163 caelesti
694 2107 841 2178 culmine3

438 2186 590 2244 Thronum
604 2207 725 2243 summos
739 2187 902 2262 majestatis

478 2267 554 2324 Cum
567 2268 720 2344 spiritibus
734 2268 827 2325 beatis

518 2348 601 2405 Laeto
616 2349 710 2405 cernit
725 2349 843 2405 lumine.

436 2442 492 2499 Pie
505 2449 590 2518 pater
603 2443 737 2517 pretiose,

479 2522 584 2579 Funde
597 2542 696 2598 preces
711 2523 825 2597 copiose

517 2604 638 2660 Summo
653 2604 715 2679 regi
729 2604 828 2679 gloriae

431 2685 490 2743 Pro
504 2685 644 2761 praesenti
657 2686 805 2754 concione,

470 2765 518 2823 Ut
531 2766 564 2821 in
577 2766 640 2822 coeli
654 2766 772 2841 regione

510 2846 606 2903 Melos
619 2856 707 2904 canat
719 2847 829 2920 gratiae.

190 2970 357 3028 Secundum
371 2970 546 3028 Mottltaeurn
559 2968 635 3044 (cic.
648 2969 763 3045 27-29).

192 3052 232 3108 In
246 3051 298 3108 illo
312 3057 452 3128 tempore,
467 3051 556 3107 Dixit
571 3050 674 3107 Simon
689 3050 796 3106 Petrus
810 3050 848 3106 ad
861 3049 883 3107 J
884 3069 985 3124 esum;
1002 3052 1078 3109 Ecce
1091 3072 1144 3111 nos
1158 3054 1332 3130 reliquimus

132 3152 222 3207 usque
236 3133 277 3189 cd
290 3133 461 3208 centuplum
475 3131 607 3206 accipiet,
624 3138 654 3187 et
667 3131 762 3188 vitam
776 3137 915 3188 aeternem
929 3132 1097 3208 possidebit.
1136 3136 1139 3143 '

193 3229 386 3301 offertorium,

189 3309 313 3368 Veritas
327 3330 392 3367 men
407 3316 437 3367 et
451 3310 650 3367 misericordie
663 3329 728 3366 mea
742 3329 809 3365 curn
823 3309 904 3386 ipso:
918 3317 949 3368 et
962 3311 994 3367 in
1007 3314 1127 3371 nomine
1142 3334 1206 3372 meo
1219 3315 1331 3373 exalta-

130 3390 212 3448 bitur
226 3411 317 3448 cornu
331 3391 402 3467 ejus.

188 3488 309 3545 Secreto.

190 3569 373 3627 Sacrificium
398 3575 540 3639 nostrum,
568 3588 743 3644 quaesumns,
770 3569 909 3641 Domine,
930 3571 1076 3646 benignus
1099 3573 1221 3632 intende
1231 3596 1240 3647 3
1271 3595 1330 3651 quo

129 3650 206 3706 sicut
219 3650 300 3707 beati
313 3651 443 3707 Antonii
456 3651 591 3726 precibus
605 3651 752 3708 cruciatus
762 3651 937 3727 temporales
951 3670 1055 3708 sanare
1075 3672 1137 3710 non
1155 3655 1273 3727 desinis
1288 3657 1331 3712 ita

129 3731 200 3787 exui
214 3731 443 3807 misericorditer
455 3731 647 3807 impetremus
660 3731 697 3788 ab
712 3733 837 3788 {eternis
880 3730 946 3790 Per.

190 3827 374 3886 Communia.

188 3909 300 3967 Beatus
324 3929 426 3967 servus
451 3929 632 3985 quem,cu1n
656 3910 781 3979 venerit,
807 3909 943 3967 dominus
964 3911 1114 3970 invenerit
1135 3914 1327 3990 vigilantem:

126 4010 221 4063 amen,
237 3991 303 4048 dico
316 3991 418 4047 vobis:
442 4010 531 4067 super
545 3991 644 4047 omnia
658 3992 735 4047 bona
748 4010 801 4048 sua
815 3991 976 4048 constituet
990 4013 1065 4052 eum.

186 4089 431 4148 Postcommunio.

191 4170 291 4227 Prosit
323 4171 418 4243 nobis,
452 4170 590 4241 Domine,
619 4170 657 4227 od
688 4171 814 4228 salutem
845 4171 920 4229 sacri
950 4173 1081 4230 muneris
1113 4173 1223 4231 oblatio
1235 4195 1244 4247 3
1277 4195 1329 4250 per

126 4271 225 4326 quam,
245 4251 326 4308 beati
342 4251 474 4309 Antonii
493 4251 565 4308 fulti
583 4251 730 4328 suffragio
750 4253 883 4329 exemplo
900 4253 993 4330 ipsius
1015 4255 1114 4311 omnic
1134 4254 1194 4312 telo
1214 4257 1329 4332 nequis

126 4333 192 4388 simi
232 4332 450 4408 extinguentes,
491 4337 660 4390 sanctorum
698 4352 862 4391 mereamur
899 4334 1021 4412 adjungi
1060 4336 1213 4394 consortie.
1270 4336 1329 4395 Per

127 4412 298 4470 Dominum.
1336 4411 1338 4417 ’
