2910 4904
407 252 456 316 In
479 249 534 316 dte
554 248 771 316 Visitottouc'a
792 249 891 316 bactu
912 248 1043 315 Martae.
1263 251 1326 337 215

476 418 641 475 Visitatrix
655 417 688 474 in
706 415 863 487 montanis,

516 498 681 556 Visitatrix
691 498 723 555 in
734 496 781 554 his
791 497 904 573 planis*

518 579 565 636 Sis
579 580 683 637 matris
698 578 842 636 Ecclesiae.

476 659 627 717 Medicina
647 659 824 730 Christiana,

518 740 604 810 Quod
617 760 678 797 non
691 740 771 796 valet
784 740 831 796 vis
848 739 986 809 humane,

518 821 586 878 Eiet
600 821 676 878 dono
690 820 800 896 gratiae.

477 901 638 959 Benedicta
650 901 817 971 mulierum,

516 981 604 1039 Sidus
618 982 717 1053 maris,
731 981 832 1038 lumen
845 1000 951 1039 verum

517 1062 658 1120 Maestum
671 1062 818 1119 consolare
832 1061 951 1132 clerum,

517 1143 665 1219 Populum
678 1142 796 1201 irradia.

477 1224 638 1282 Benedicto
652 1223 764 1280 ventris
779 1223 827 1280 tui

518 1305 631 1361 Fructu
644 1304 721 1361 dona
734 1304 819 1361 nobis
832 1304 901 1374 frui,

519 1385 624 1462 Sisque
636 1386 729 1442 simus
741 1403 855 1461 semper
867 1384 915 1441 sui

518 1466 558 1523 In
571 1467 694 1542 perenni
706 1465 807 1541 gloria.
850 1465 957 1522 Amen.

188 1571 355 1629 Secundum
368 1569 482 1630 Lucam
495 1571 532 1648 (i.
551 1572 666 1650 39-43).

188 1653 227 1709 In
240 1653 293 1710 illo
307 1659 447 1729 tempore,
463 1653 634 1730 Exsurgens
648 1652 747 1710 Maria
760 1672 850 1727 usque
864 1652 905 1710 ad
918 1650 1042 1711 salutari
1055 1670 1127 1710 meo.

189 1733 291 1791 Credo.
1122 1741 1127 1750 ’

190 1814 383 1888 Offirtorium.

187 1899 265 1966 Ave,
282 1895 389 1966 Maria,
403 1895 501 1972 gratia
514 1895 620 1972 plena:
635 1895 782 1954 Dominus
795 1900 915 1954 tecum:
928 1893 1084 1952 benedicta
1098 1900 1133 1950 tu
1146 1893 1179 1950 in
1193 1893 1323 1951 mulieri-

129 1979 194 2047 bus,
210 1982 241 2033 et
254 1977 426 2033 benedictus
439 1977 554 2035 fructus
568 1977 681 2054 ventris
694 1976 749 2034 tui.

188 2057 309 2115 Sacrata.

187 2137 324 2195 Ecclesiae
345 2145 413 2208 tuae,
434 2157 610 2214 quaesumus,
632 2136 769 2208 Domine,
790 2137 969 2196 oblationem
995 2136 1141 2213 propitius
1166 2143 1267 2194 tuere:
1295 2142 1326 2194 et

125 2219 325 2277 intercedente
352 2219 478 2295 gloriosa.
504 2219 620 2295 virgine
648 2217 706 2276 Dei
732 2219 881 2295 genetrice
905 2217 1012 2289 Maria,
1038 2218 1164 2276 unitatis
1188 2237 1222 2275 ac
1246 2217 1325 2294 pacis

126 2319 241 2376 semper
254 2300 346 2357 eidem
362 2301 440 2358 dona
454 2300 584 2358 concede.
629 2299 687 2356 Per
700 2300 834 2357 eundem.
1423 2300 1425 2304 ’

186 2380 337 2455 Praefatio.
381 2381 422 2438 Et
436 2387 467 2438 te
480 2381 513 2438 in
526 2380 716 2440 Visitatione.

188 2461 371 2520 Commutato.

187 2542 280 2599 Beata
290 2544 402 2600 viscera
416 2542 521 2599 Mariae
535 2542 667 2618 virginis,
684 2562 749 2618 quae
763 2548 958 2617 portaverunt
973 2540 1077 2598 aeterni
1090 2540 1189 2597 Patris
1202 2538 1323 2598 Filium.

126 2624 217 2694 Deus,
243 2625 295 2699 qui
323 2624 471 2681 mediante
499 2624 587 2681 beata
610 2624 726 2699 virgine
750 2622 848 2680 Maria
867 2623 978 2679 mundo
1000 2621 1171 2679 succurristi
1196 2620 1322 2696 perdito,

125 2704 218 2779 ipsius
231 2705 364 2779 gloriosis
378 2703 492 2761 meritis
506 2710 537 2760 et
549 2704 686 2780 precibus
703 2703 979 2773 intervenientibus,
996 2703 1120 2760 concede
1133 2701 1274 2778 placatus,
1289 2708 1325 2759 ut

125 2786 163 2842 ab
177 2784 312 2841 Ecclesiae
326 2791 385 2842 tuae
399 2804 489 2860 regno
499 2785 633 2841 omnium
643 2784 846 2842 scandalorum
860 2785 1082 2860 perturbatione
1095 2788 1215 2855 semota,
1226 2782 1259 2839 in
1272 2788 1325 2840 tua

125 2885 240 2941 semper
253 2886 323 2942 pace
336 2866 394 2923 tibi
407 2865 506 2922 debite
519 2864 687 2922 famuletur.
732 2865 792 2935 Qui
805 2865 892 2923 vivis.

186 2947 244 3003 Per
268 2946 390 3005 Octavus
413 2946 553 3004 dicontur
575 2946 736 3021 Sequentia
755 2948 830 3005 sicut
850 2945 936 3023 infru
961 2942 1084 3004 Octavus
1107 2942 1326 3020 Asauntptiouia

125 3026 259 3102 quasdem.

186 3106 227 3165 In
241 3117 339 3166 octova
352 3108 399 3166 die
413 3108 531 3166 dicotur
543 3105 700 3182 Sequentia
711 3129 720 3164 .·

477 3187 567 3260 Veni,
582 3194 676 3244 mater
688 3189 800 3264 gratiae,

517 3268 596 3325 Fons
610 3269 824 3340 misericordiae,

517 3348 636 3407 Miseria
650 3349 820 3407 remedium.

476 3429 567 3502 Veni,
581 3429 636 3486 lux
651 3429 798 3500 Ecclesiae,

516 3510 663 3567 Tristibus
677 3511 789 3567 laetitiae

515 3590 561 3648 Tu
575 3591 700 3649 infunde
714 3591 839 3648 radium.

476 3671 518 3729 Te
531 3672 664 3747 reginam
678 3671 812 3744 colimus,

515 3752 584 3809 Tibi
598 3752 699 3810 laudes
713 3753 846 3810 canimus

516 3833 565 3890 Ex
579 3834 687 3891 affectu
701 3833 854 3905 cordium;

477 3913 550 3983 Quae
564 3933 595 3970 es
608 3915 641 3970 in
655 3914 801 3990 angustiis

517 3995 557 4050 Et
570 3995 603 4050 in
617 3996 704 4052 rebus
718 3995 817 4053 dubiis

516 4075 602 4133 Salus
616 4082 647 4133 et
660 4076 806 4134 solatium.

475 4155 501 4213 Ο
516 4155 602 4213 stella
616 4156 799 4233 praefulgida,

514 4236 561 4293 Tu
574 4237 640 4293 dira
654 4237 815 4294 certamina.

515 4316 610 4374 Maris
624 4317 713 4393 hujus
727 4319 872 4394 reprime;

300 4423 313 4447 '
329 4422 442 4468 Ecclesia
452 4423 525 4468 ntum
536 4423 724 4469 Sarisburiensis
733 4423 858 4470 manifeste
867 4422 947 4468 innuit
956 4419 1140 4481 pocta-Necte.
