2910 4904
204 265 317 331 Missa
337 264 376 331 dc
394 271 507 330 sancto
528 263 685 350 Witsrido
704 263 891 329 secondom
909 285 1012 330 marn
1025 263 1195 350 Riponia.
1248 267 1310 330 255

240 818 292 876 An
314 816 439 875 Mrssau
460 833 493 874 ru
514 818 612 876 Fusro
633 816 774 896 Nmns
794 837 900 879 ssucn
921 821 1082 879 Wunuur
1102 835 1140 878 ur
1159 837 1194 881 rr

491 934 772 978 couuuuonnnous
793 936 949 979 mussan>

179 1048 317 1122 Officium.
362 1045 475 1106 Statuit
489 1049 524 1107 ei.

179 1129 288 1188 Oratio.
331 1129 423 1202 Deus,
438 1130 522 1205 cujus
536 1131 639 1204 gratia

176 1210 318 1287 Epistola.
361 1211 436 1268 Ecce
450 1211 589 1267 sacerdos,

178 1291 313 1350 (tradate.
356 1289 494 1364 Domine,
510 1291 686 1367 praevenisti.

177 1373 327 1449 Alleluya.
375 1372 404 1431 V.
427 1372 449 1429 J
451 1379 534 1429 ustus
547 1372 732 1448 germinabit

178 1454 379 1528 Ecanqetium.
422 1452 589 1511 Scwrntnm
602 1453 777 1511 Matthoenm
790 1453 831 1530 (o.
851 1454 965 1532 14-16).

178 1535 242 1592 Vos
255 1535 327 1591 estis
339 1534 394 1592 lux
407 1533 512 1592 mundi
524 1554 615 1610 usqae
629 1535 670 1591 ad
683 1535 715 1591 in
729 1535 806 1592 caelis
820 1543 873 1592 est.

180 1615 373 1689 offertorium.
417 1614 538 1672 Veritas
551 1634 623 1672 mea.

180 1696 362 1755 Communia.
405 1696 517 1756 Beatus
530 1715 641 1753 servus.

178 1777 293 1836 Secreta
307 1787 333 1835 et
346 1777 581 1835 Postcommonio
595 1786 629 1833 at
642 1776 676 1834 in
690 1776 774 1836 Festo
788 1777 977 1854 depositionis
990 1775 1124 1853 ejusdem.

180 1857 251 1917 Istae
263 1859 425 1934 Sequentia
435 1867 593 1916 sumantur
606 1857 777 1916 altoniatirn
790 1858 824 1918 in
834 1859 1100 1919 conmemoratione
1113 1858 1239 1935 aaran
1249 1883 1258 1917 :

180 1940 291 1998 Primo.
335 1938 497 1997 salvatoris
510 1938 701 1996 clementiae*

181 2020 320 2079 Secundo,
364 2020 479 2079 Laudes
492 2019 642 2087 Christo.†

183 2103 287 2161 Tertio.
331 2101 515 2158 Salvatorem
528 2101 561 2157 in
575 2100 725 2159 wilfrido.

184 2182 303 2252 Quarto.
347 2182 437 2253 Voce,
452 2182 540 2252 votis,
555 2191 581 2239 et
595 2190 694 2240 cetera.

181 2264 282 2321 Missae
296 2265 330 2320 dc
344 2263 438 2320 Fastis
452 2263 655 2321 translationis
664 2272 690 2321 et
701 2263 889 2339 depositionis
901 2263 1027 2340 q'nsdem
1035 2272 1139 2340 patent
1152 2263 1322 2339 sufficienter

122 2345 156 2402 in
170 2345 289 2403 Missali
301 2345 336 2402 in
349 2344 411 2402 eois
425 2343 500 2402 locis.

355 2567 499 2626 SECUNDO
520 2584 574 2625 DIE
594 2584 689 2624 INFRA
710 2568 851 2627 OCTAVAS
873 2585 1088 2629 DEPOSITIONIS.

184 2721 232 2777 Ad
246 2717 378 2776 Missam.
423 2717 563 2792 Officium.
607 2717 777 2775 Sacerdotes
790 2716 844 2774 tui.

187 2801 289 2859 Oratio
302 2809 337 2856 at
350 2800 384 2855 in
398 2799 451 2856 die.

184 2881 300 2957 Epistol
320 2926 325 2938 .
369 2881 444 2936 Ecce
458 2880 589 2936 sacerdos
603 2879 700 2955 quiin
714 2878 817 2936 diebus
830 2877 890 2936 suis
903 2877 1017 2954 placuit
1030 2878 1167 2937 Domina.

187 2963 321 3021 Gradale.
365 2961 440 3018 Ecce
454 2960 622 3017 sacerdos'

187 3042 334 3118 Alleluya.
384 3041 412 3099 V.
436 3040 545 3097 Inveni
559 3040 665 3097 David.

186 3124 350 3199 Sequentia.
394 3122 510 3179 Laudes
525 3121 651 3178 Christe.

187 3204 387 3279 avenariam.
432 3203 531 3260 Homo
546 3202 666 3277 quidam
680 3201 795 3260 nobilis.

189 3286 381 3359 Offcrtoriuni.
425 3283 533 3340 Inveni
549 3282 655 3340 David.

189 3367 385 3426 Communia..
414 3364 551 3435 Domine,
566 3363 705 3440 quinque.

624 3570 740 3628 Tauno
761 3585 821 3627 mu

192 3696 331 3771 Officium.
374 3694 543 3752 Sacerdotes
556 3695 627 3769 ejus.

190 3778 329 3854 Epistola.
373 3776 449 3832 Ecce
463 3775 594 3833 sacerdos
608 3794 732 3852 magnus
745 3773 797 3851 qui
810 3773 843 3830 in
857 3773 920 3832 rita
933 3792 994 3830 sua.

192 3858 326 3917 Gradalc.
370 3858 492 3915 duravit
505 3856 659 3913 Dominus

191 3940 339 4014 Alleluya.
389 3937 418 3995 V.
441 3937 534 3994 Posui
545 3937 734 4013 adjutorium.

191 4021 353 4096 Sequentia.
397 4019 580 4077 Salvatorem
593 4019 625 4074 in
639 4017 787 4076 Wilfrido.

192 4101 392 4176 Eoonqetioni.
436 4100 523 4156 Misn
536 4099 625 4156 Jcsus
637 4099 791 4156 duodecim
805 4097 971 4175 discipulos.

193 4182 386 4256 offertorium.
429 4181 558 4237 Veritas.

194 4263 376 4323 Communia.
420 4262 516 4319 Semel
526 4262 635 4337 juravi.

280 4409 292 4431 ³*
314 4407 367 4452 Vide
376 4420 454 4466 supro,
464 4406 512 4451 vot.
523 4405 546 4450 ii.
558 4419 580 4464 p.
592 4405 627 4450 30.
808 4405 821 4466 †
842 4403 896 4451 Vide
906 4416 984 4463 stairo,
994 4401 1040 4448 rol.
1051 4400 1076 4446 ii.
1086 4414 1111 4460 p.
1122 4400 1172 4446 210.
