2910 4904
188 285 251 349 144
456 280 506 343 In
519 278 643 345 Natali
660 276 899 364 plurimorum
912 277 1116 363 Martyrium.

244 447 294 504 Ad
307 444 443 505 chraeos
455 444 512 519 (cci.
528 445 644 523 33-39).

243 527 379 585 Fratres:
403 527 505 584 Sancti
518 547 571 602 per
583 526 672 583 fidem
695 525 832 584 vicerunt
854 546 943 602 usquc
970 527 1011 583 ud
1031 524 1150 604 probati
1170 522 1291 583 inventi
1312 528 1387 582 sunt

186 609 218 669 in
233 607 352 665 Christo
365 608 387 666 J
388 628 439 665 esu
454 608 585 664 Domino
597 613 707 665 nostro.

246 701 342 757 Lectio
357 700 425 758 libri
437 699 595 775 Sapientiae
611 700 716 777 (Pron.
731 721 775 758 ccv.
793 702 851 772 2-4,
868 700 917 758 6-8
917 700 944 777 )

246 781 362 856 Lingua
376 782 553 857 sapientium
568 788 654 837 ornat
667 781 821 838 scientiam
841 800 931 857 acque
950 780 991 838 od
1005 779 1065 850 Qui
1077 778 1213 855 sequitur
1222 777 1386 855 Jmtitiam,

187 861 328 938 diligetur
341 882 359 919 a
372 862 510 919 Domino.

247 955 342 1012 Lectio
357 955 426 1012 libri
438 954 596 1030 sannatia
609 953 739 1032 (Ecclus.
756 955 823 1014 ccliv.
841 954 955 1032 10-15).

246 1035 292 1092 Hi
315 1041 386 1093 sunt
407 1035 466 1092 viri
486 1035 692 1092 misericordiae
711 1056 802 1110 acque
823 1037 865 1094 acl
883 1041 914 1094 et
938 1035 1056 1092 laudem
1080 1053 1182 1092 eorum
1205 1031 1386 1109 pronuntiet
1432 1038 1436 1043 '

187 1117 283 1174 omnis
296 1116 416 1174 ecclesia
430 1121 606 1173 sanctorum.

246 1210 388 1284 Epictodr.
430 1209 452 1267 ,J
454 1215 587 1266 ustorum
600 1209 714 1279 animae,
729 1219 764 1266 at
776 1230 876 1280 supra.

243 1301 286 1359 In
305 1302 412 1377 Vigiliis
427 1302 627 1377 plurimorum
640 1303 842 1377 apostolorum.

247 1395 342 1453 Lectio
356 1395 426 1452 libri
439 1394 595 1470 Sapientiae
608 1394 653 1470 (c.
672 1395 788 1473 15-22).

247 1477 269 1534 J
271 1477 331 1533 usti
354 1482 454 1533 autem
478 1476 511 1532 in
534 1483 709 1551 perpetuum
733 1477 837 1533 vivent
861 1495 952 1550 acque
975 1475 1016 1532 ad
1040 1479 1072 1532 et
1093 1472 1132 1532 ad
1151 1478 1268 1532 certum
1288 1472 1390 1532 locum

188 1557 313 1615 deducet
325 1557 392 1613 flios
405 1557 553 1614 Dominus
569 1557 649 1612 Deus
663 1563 771 1613 noster.

248 1637 346 1695 Lectio
360 1638 428 1694 libri
441 1637 600 1712 Sapientiae
613 1637 657 1715 (a.
677 1636 790 1714 17-20)

248 1718 366 1775 Reddet
388 1718 470 1775 Deus
491 1717 655 1775 mercedem
678 1717 812 1774 laborum
836 1723 1005 1775 sanctorum
1028 1735 1149 1774 suorum
1176 1734 1269 1791 usquc
1291 1715 1336 1773 ud
1357 1719 1391 1773 et

187 1799 342 1858 victricem
355 1818 476 1855 manum
489 1804 573 1854 tuam
586 1798 784 1855 laudaverunt
797 1799 908 1874 pariter
922 1798 1051 1856 Domine
1065 1798 1146 1855 Deus
1159 1803 1271 1855 noster.

249 1880 344 1936 Lectio
358 1878 496 1953 Epistulae
509 1879 583 1936 beuti
597 1879 680 1936 Petri
693 1878 824 1953 Apostoli
840 1881 876 1955 (l
892 1880 913 1939 i.
931 1881 997 1951 3-73
1018 1879 1055 1938 ic.
1074 1879 1100 1951 l,
1117 1878 1145 1949 2,
1162 1876 1264 1953 7-11).

249 1960 368 2016 Fratres
380 1980 386 2016 :
407 1959 586 2016 Benedictus
600 1960 682 2017 Deus
696 1967 727 2016 et
740 1959 833 2018 Pater
842 1960 966 2017 Domini
976 1960 1071 2017 nostri
1081 1978 1173 2034 cisque
1181 1959 1224 2016 ad
1236 1958 1271 2015 in
1281 1956 1390 2017 secula

189 2041 371 2100 saeculorum.
415 2043 522 2097 Amen.
833 2086 836 2091 .

249 2121 299 2178 Ad
314 2120 481 2179 Corinthios
493 2121 532 2192 (2
546 2120 566 2178 i.
584 2119 657 2198 3-7).

249 2202 368 2259 Fratres
381 2223 387 2258 :
412 2201 589 2259 Benedictus
603 2202 685 2259 Deus
698 2207 729 2258 et
742 2201 833 2259 Pater
846 2200 970 2258 Domini
983 2201 1079 2258 nostri
1088 2220 1180 2276 usque
1193 2199 1237 2259 ad
1248 2199 1292 2258 sic
1305 2198 1392 2259 eritis

189 2290 220 2341 et
234 2283 450 2352 consolationis,
466 2283 505 2339 In
519 2282 638 2341 Christo
651 2284 673 2341 J
674 2302 725 2340 esu
740 2282 869 2340 Domino
882 2288 991 2340 nostro.

249 2362 301 2420 Ad
316 2362 482 2422 Corinthios
496 2363 530 2439 (l
547 2364 584 2421 ie.
603 2363 696 2440 9-14).

250 2445 383 2501 Fratres:
398 2444 603 2520 Spectaculum
613 2445 684 2501 facti
698 2464 799 2501 sumus
809 2443 878 2501 huic
892 2445 1003 2501 mundo
1013 2449 1044 2501 et
1054 2443 1166 2520 angelis
1175 2448 1208 2501 et
1216 2440 1388 2501 hominibus

189 2546 280 2602 nsque
294 2527 334 2583 ad
354 2527 404 2583 sed
422 2534 458 2583 ut
477 2526 554 2583 filios
574 2545 654 2583 meos
674 2526 836 2584 carissimos
853 2545 966 2599 moneo,
981 2525 1021 2582 In
1035 2524 1154 2583 Christo
1166 2524 1189 2583 J
1189 2542 1244 2583 esu
1257 2522 1391 2581 Domino

190 2613 300 2667 nostro.

251 2689 302 2745 Aa
314 2687 449 2745 IIelmeoe
462 2687 505 2763 (cc.
524 2688 639 2764 32-38).

250 2769 383 2826 Fratres:
397 2768 650 2825 Rememoramini
663 2767 803 2844 pristinos
816 2768 886 2841 dies,
898 2769 931 2825 in
945 2768 1053 2844 quibus
1065 2766 1231 2825 illuminati
1243 2784 1336 2841 usque
1346 2762 1388 2823 ud

190 2849 213 2908 J
213 2856 298 2906 ustus
312 2856 411 2906 autem
425 2868 508 2906 meus
522 2869 559 2906 ex
572 2848 629 2905 fide
643 2849 729 2907 vivit.

251 2947 346 3003 Lectio
360 2944 429 3002 libri
442 2945 632 3021 Apocalypsis
646 2945 720 3004 beati
732 2945 882 3005 «Iohannis
894 2945 1025 3023 Apostoli
1040 2947 1111 3021 (cii.
1129 2942 1217 3007 1th
1218 2944 1245 3023 ).

253 3027 291 3082 In
310 3027 412 3083 diebus
432 3026 500 3097 illis,
515 3027 707 3102 Respondens
728 3047 805 3085 unus
827 3028 864 3085 de
883 3029 1047 3086 senioribus
1066 3047 1158 3104 aeque
1176 3026 1221 3086 ud
1237 3024 1388 3103 absterget

192 3126 309 3166 omnem
323 3106 483 3183 lacrymam
496 3109 533 3165 ab
547 3107 639 3166 oculis
653 3127 762 3166 eorum.

255 3187 388 3245 Gaudete.

255 3267 407 3327 Gloriosus
420 3267 503 3326 Deus
517 3269 548 3326 in
562 3269 671 3326 sanctis
684 3270 829 3328 mirabilis
842 3271 875 3327 in
889 3271 1051 3347 majestate,
1066 3268 1177 3347 iaciens
1189 3266 1334 3345 prodigia.

198 3350 227 3409 V.
254 3349 386 3406 Dextera
399 3355 460 3420 tua,
476 3349 613 3421 Domine,
627 3350 789 3427 glorificata
809 3358 854 3409 est
874 3351 907 3408 in
927 3351 1060 3408 virtute:
1080 3350 1205 3409 dextera
1216 3368 1324 3408 manus
1336 3354 1392 3407 tue

193 3430 337 3505 confregit
349 3430 510 3488 inimicum.

255 3510 368 3568 Gradal
382 3554 389 3567 .

255 3591 464 3649 Clamaverunt
473 3594 558 3669 justi,
574 3598 604 3650 et
613 3593 762 3651 Dominus
771 3592 926 3652 exaudivit
939 3612 1007 3651 eos:
1028 3599 1059 3651 et
1069 3612 1107 3650 ex
1116 3591 1255 3651 omnibus
1267 3590 1396 3651 tribulu-

193 3674 323 3730 tionibus
338 3692 439 3730 eorum
453 3674 591 3731 liberavit
604 3694 661 3733 eos.

200 3754 229 3812 V.
255 3755 352 3812 Juxta
365 3761 409 3812 est
424 3755 570 3812 Dominus
589 3756 637 3813 his
658 3755 711 3831 qui
731 3755 874 3814 tribulato
887 3760 959 3813 sunt
971 3754 1075 3813 corde:
1095 3759 1126 3813 et
1139 3753 1271 3813 humiles
1283 3752 1394 3833 spiritu

194 3835 329 3893 salvabit.

256 3914 391 3973 Gradulc.

256 3997 460 4054 Exsultabunt
473 3996 568 4055 sancti
581 3997 613 4054 in
626 3996 737 4073 gloria:
757 3998 938 4057 laetabuntur
950 3998 982 4055 in
997 3996 1144 4055 cubilibus
1156 3996 1226 4056 sitis

200 4077 228 4136 V.
256 4077 382 4135 Cantate
397 4078 525 4136 Domino
539 4079 687 4137 canticum
701 4098 830 4138 novum:
849 4080 914 4137 laus
927 4080 991 4157 ejus
1003 4079 1036 4135 in
1049 4078 1170 4137 ecclesia
1182 4082 1366 4139 sanctorum.

257 4157 391 4216 Crudele.

255 4239 394 4312 Vindica,
411 4240 545 4312 Domine,
561 4240 731 4318 sanguinem
747 4248 917 4301 sanctorum
929 4246 1051 4299 tuorum
1064 4240 1117 4318 qui
1129 4240 1241 4299 effusus
1254 4246 1309 4301 est.
1337 4258 1348 4279 ⁸

201 4320 230 4378 V.
257 4319 425 4379 Passer-unt
437 4321 574 4379 mortalia
586 4341 738 4381 servorum
750 4330 872 4384 tuorum
894 4342 972 4383 esces
992 4322 1166 4383 volatilibus
1185 4321 1400 4383 calixtum

195 4407 364 4459 sanctorum
378 4408 497 4463 tuorum
512 4402 613 4461 bestiis
626 4409 720 4463 terrae.
