2910 4904
566 287 662 352 Festa
683 286 722 350 N
720 287 888 354 membris.

188 455 331 532 Epistola.
375 455 422 513 De
436 454 600 531 virginibus
614 459 801 531 praeceptum.

191 537 326 595 Oroden.
373 536 454 593 Audi
467 535 536 592 filia.

190 617 339 693 Alleluya.
388 617 417 676 V.
445 615 643 674 cantantibus
665 616 789 692 organis·
804 615 921 673 Oaecilia
941 617 1026 694 virgo
1049 617 1104 676 soli
1128 617 1257 678 Domino
1282 621 1329 679 de-

128 699 269 758 cantabat
281 699 381 756 dicans
394 719 400 756 ε
421 698 491 754 Fiat
503 717 552 754 cor
566 716 665 754 meum
685 702 716 754 et
729 716 834 773 corpus
854 717 953 755 meum
972 699 1206 774 immaculatum,
1217 708 1253 759 ut
1266 722 1327 760 non

129 779 301 839 confundar.

188 859 352 936 Sequentia.
395 859 596 931 Exsultemus,
611 866 645 914 ut
664 856 699 915 in
714 857 879 917 Communi.

188 941 391 1016 Eoonpeliuni.
434 941 537 998 Simile
551 945 595 997 est
608 958 731 1015 regnum
745 940 882 998 caelorum
896 939 996 999 decem
1008 940 1181 1019 virginibus.

191 1021 384 1096 Offertooiinn.
428 1021 604 1092 Offerentur,
619 1018 723 1095 majos.

189 1101 310 1161 Secreta.
350 1155 352 1160 .
430 1140 432 1147 =

190 1183 265 1241 Haec
292 1183 397 1255 hostia,
427 1182 564 1254 Domine,
593 1181 768 1258 placationis
795 1187 826 1239 et
845 1181 948 1256 laudis,
971 1203 1147 1258 quaesumus,
1176 1191 1212 1242 ut
1233 1185 1322 1243 inter-

127 1265 269 1322 veniente
281 1265 368 1321 beata
383 1264 502 1322 Caecilia
516 1270 646 1338 martyre
660 1271 721 1336 tua,
736 1282 791 1321 nos
806 1269 859 1320 tua
871 1264 1083 1341 propitiatione
1096 1265 1199 1343 dignos
1213 1286 1327 1344 semper

127 1345 243 1403 efficiat.
286 1345 351 1403 Per.

191 1425 370 1486 Coruncanio.
413 1425 647 1485 Oonfimdantur.

190 1504 451 1565 Poatoonineunio.*

190 1587 321 1660 Satiasti,
350 1588 485 1656 Domine,
513 1587 656 1644 familiam
683 1592 766 1644 tuam
800 1585 971 1644 muneribus
998 1586 1087 1645 sacris
1098 1608 1107 1660 ;
1128 1590 1191 1666 ejus
1211 1608 1326 1666 semper

125 1669 337 1728 intercessione
350 1688 404 1726 nos
417 1669 524 1742 refove,
539 1669 622 1743 cujus
636 1667 789 1725 sollemnia
802 1668 987 1726 celebramus.
1029 1668 1096 1729 Per.

252 1891 364 1949 Sinoni
385 1890 566 1962 cinnanum,
591 1905 674 1947 rara
695 1907 733 1948 nr
753 1907 917 1949 nanrrms.
970 1890 1023 1970 (ix.
1040 1891 1110 1972 Kal.
1126 1893 1212 1971 Dec.)

192 2030 333 2106 Officium.

190 2113 275 2170 Dicit
289 2112 456 2170 Dominus:
478 2109 633 2169 Sermones
647 2111 713 2184 mei,
730 2131 803 2187 quos
824 2112 893 2169 dedi
909 2112 942 2168 in
955 2131 987 2169 os
1005 2117 1099 2184 tuum,
1115 2131 1176 2169 non
1189 2111 1327 2171 deficient

128 2193 165 2252 de
187 2213 238 2252 ore
263 2201 334 2251 tuo:
363 2193 446 2250 adest
468 2193 548 2250 enim
571 2212 680 2250 nomen
703 2200 799 2266 tuum,
822 2200 853 2250 et
873 2212 998 2251 munera
1021 2199 1075 2251 tua
1098 2199 1218 2271 accepta
1238 2199 1326 2252 erunt

128 2274 324 2352 superaltare
338 2293 443 2331 meum.

189 2355 336 2414 Paeonas.
379 2354 597 2411 Misericordias
611 2353 750 2412 Domini:
771 2354 805 2411 in
818 2358 961 2411 aeternum
975 2354 1108 2412 cantabo.

191 2436 302 2495 Oratio.

190 2516 282 2589 Deus,
298 2516 350 2592 qui
370 2535 423 2573 nos
441 2535 540 2572 annua
560 2515 641 2572 beati
663 2515 823 2573 Clementis
845 2515 984 2591 martyris
1005 2515 1052 2572 tui
1073 2520 1162 2589 atque
1180 2515 1330 2592 pontificis

128 2598 328 2656 sollemnitate
359 2597 497 2669 laetificas,
527 2597 651 2654 concede
682 2597 836 2672 propitius,
872 2601 907 2654 ut
934 2596 1018 2673 cujus
1038 2596 1176 2654 natalitia
1196 2596 1329 2670 colimus,

128 2680 273 2737 virtutem
288 2697 405 2754 quoque
419 2677 560 2753 passionis
575 2677 734 2735 imitemur.
777 2677 842 2735 Per.

188 2759 334 2817 Memorio
347 2760 381 2816 de
395 2768 496 2816 sancto
509 2758 667 2828 Felicitate,
682 2767 817 2833 martyre.
862 2757 971 2818 Oratio.

188 2840 312 2910 Praesta,
327 2859 501 2914 quaesumus,
524 2840 708 2915 omnipotens
728 2839 819 2911 Deus,
833 2845 869 2895 ut
888 2840 982 2896 beatae
1002 2838 1166 2897 Felicitatis
1186 2838 1329 2916 martyris

128 2927 187 2979 tuae
201 2921 354 2978 sollemnia
367 2925 557 2990 recensentes,
574 2920 687 2977 meritis
700 2920 793 2996 ipsius
805 2925 995 2998 protegamur
1008 2926 1039 2978 et
1051 2920 1194 2996 precibus.
1229 2922 1295 2980 Per.

188 3001 331 3077 Epistola.
375 3001 526 3058 Doctrinis
540 3001 636 3058 variis.

191 3082 327 3140 &adan
369 3081 499 3139 Juravit.

189 3163 339 3239 Alleluya
387 3162 416 3221 V.
440 3162 502 3219 Iste
516 3167 641 3219 sanctus.

188 3243 354 3318 Sequentia.
398 3243 559 3319 Organicis,
573 3244 608 3299 in
623 3240 786 3302 Communi.

189 3324 390 3398 annpelium.
432 3323 518 3380 Nihil
533 3330 675 3400 opertum.

191 3404 385 3479 offertorium.
427 3403 555 3463 Veritas.

188 3485 332 3551 Secretat

189 3565 326 3638 Munera,
342 3565 478 3638 Domine,
499 3566 597 3623 oblata
618 3564 774 3635 sanctifica,
793 3569 824 3622 et
845 3564 1044 3622 intercedente
1065 3565 1152 3622 beato
1175 3565 1330 3624 Clemente

137 3653 261 3722 martyre
273 3652 336 3717 tuo,
351 3666 402 3723 per
415 3647 476 3704 haec
489 3666 508 3704 a
519 3653 704 3721 peccatorum
718 3651 885 3716 nostrorum
898 3646 1021 3703 maculis
1034 3647 1168 3704 emunda.
1211 3646 1276 3704 Per.

189 3727 261 3785 ltu
274 3727 394 3786 Secreta.

189 3807 272 3866 Vota
285 3808 387 3884 populi
401 3809 453 3880 tui,
466 3808 603 3880 Domine,
619 3807 795 3885 propitiatus
807 3807 949 3882 intende;
970 3814 1001 3866 et
1014 3828 1139 3884 quorum
1152 3827 1206 3867 nos
1218 3806 1329 3865 tribuis

136 3887 284 3946 sollemnia
296 3890 449 3961 celebrare,
464 3890 510 3947 fac
523 3889 649 3966 gaudere
662 3889 815 3966 suffragiis.
858 3889 924 3948 Per.

190 3969 373 4029 Communia
413 3970 523 4028 Beatus
536 3990 644 4029 servus

187 4137 201 4162 ⁸
217 4137 271 4184 MS.
288 4118 564 4195 D.-Saoramentorum,
575 4138 685 4195 Domine,
695 4137 824 4198 participes
834 4138 914 4184 effecti
929 4139 1083 4198 imploramus
1093 4138 1242 4184 clementiam
1252 4141 1326 4197 tuam,

132 4199 159 4242 nt
166 4197 243 4268 beatas
255 4197 356 4243 Otacilia
366 4199 471 4255 virginis
479 4202 527 4268 tuae
536 4202 561 4243 et
578 4198 692 4258 martyris
701 4199 840 4245 interventu
850 4202 1003 4258 peccatorum
1018 4202 1154 4244 nostrorum
1167 4198 1260 4243 venium
1270 4212 1329 4244 con-

132 4268 202 4386 sequ}
208 4257 606 4363 1¹llbealiiujPriilieiiiollliiiilibtis
616 4316 731 4376 martyris
742 4317 779 4363 tui
792 4319 864 4375 atque
877 4317 998 4376 pontificis
1011 4316 1121 4376 passione
1136 4309 1259 4374 gratanter
1274 4316 1328 4374 tibi,

131 4371 240 4433 Domms,
250 4389 340 4421 munus
351 4374 479 4432 offerimus,
490 4377 546 4434 quia
556 4376 618 4422 sicut
628 4390 682 4422 eum
697 4377 816 4424 sentimus
826 4376 908 4425 vivere
922 4376 948 4422 in
963 4381 987 4425 te
1001 4376 1140 4434 gloriosum,
1150 4376 1184 4423 sic
1198 4389 1243 4436 pro
1257 4375 1333 4422 nobis·

131 4432 277 4480 intercedere
287 4433 436 4483 confidimus.
467 4435 514 4482 Per
524 4435 660 4482 Dominum

188 4512 257 4556 vot.
272 4513 309 4556 11.
720 4512 743 4555 1<
