2910 4904
132 295 195 356 234
548 291 596 355 Dc
619 298 733 356 sancto
755 289 918 355 Antonio,

126 457 251 533 uirginis
265 456 373 516 Aleriae
386 456 491 516 neutris
504 455 566 533 ejus
578 466 605 516 et
618 457 788 533 cottsessoris
801 459 849 515 sui
862 456 957 516 sancti
969 457 1103 531 distertii,
1118 468 1145 516 et
1157 456 1194 516 in
1208 476 1290 535 pune
1308 468 1332 517 et

128 559 208 615 aque
214 538 402 615 jejunaverit,
417 539 468 596 illo
482 558 561 597 anno
574 538 746 614 tuiscone,
759 558 809 596 uec
822 539 953 611 buddas,
965 558 1016 597 nec
1028 538 1190 615 infelicitas
1196 559 1333 616 pecorum

127 641 178 678 nee
191 621 323 695 frugum
340 640 390 679 nec
404 620 479 691 ceris,
493 640 543 678 nec
557 640 698 695 spuerem,
713 640 764 678 uec
776 619 912 696 ltydrops,
926 640 978 678 nec
991 639 1100 692 cancer,
1115 640 1167 679 nec
1181 620 1270 697 lepra,
1285 640 1332 679 nee

126 704 225 773 flotus,
241 721 291 760 nee
312 701 422 776 aliquis
443 702 618 758 immundus
639 701 771 775 spiritus,
790 721 840 759 nee
854 702 963 777 pudor,
976 721 1028 759 nec
1050 701 1133 759 muln
1153 721 1217 760 sore
1235 702 1331 779 ipsum

128 783 271 857 continuet
280 805 294 851 ,·
314 784 363 840 sed
377 783 526 840 Dominus
538 782 589 840 iilo
603 802 683 840 arene
697 803 763 839 enm
776 802 811 840 ue
824 782 924 840 omnio
938 782 1012 840 tortu
1031 802 1088 840 sue
1102 782 1331 853 Μετώπα

128 863 215 920 etium
234 882 284 920 nee
304 883 393 938 aque,
407 883 458 920 nee
477 863 552 937 ione,
568 883 618 920 uec
630 862 764 938 fulgure,
779 871 1076 939 necromantiam
1090 863 1270 939 pestilentia,
1284 883 1330 921 nee

128 943 231 1018 alique
244 944 397 1002 subitanee
410 952 500 1001 utente
507 944 625 1020 peribit,
641 945 690 1001 sed
703 944 739 1001 ab
753 943 834 1001 omui
848 943 1033 1002 bibitlutione
1047 953 1074 1003 et
1093 945 1235 1020 angustio
1254 943 1329 1002 Deus

128 1045 194 1082 euru
207 1024 258 1082 ilio
273 1045 352 1082 enno
366 1024 502 1082 liberabit.

187 1172 236 1229 Ae
250 1172 383 1229 Missam.
428 1171 568 1247 Officium.
637 1193 638 1197 ¹

187 1252 374 1310 Gaudeamus
388 1273 489 1311 omnes
502 1253 536 1310 in
549 1253 688 1325 Domin0‚
704 1254 782 1310 diem
802 1253 914 1311 festum
933 1253 1131 1312 celebrantes:
1152 1254 1210 1311 sub
1222 1254 1327 1312 honore

126 1333 206 1390 beati
223 1334 350 1391 Antonii
364 1335 537 1392 confessoris
550 1334 614 1392 tui:
637 1335 672 1392 de
686 1335 770 1411 cujus
783 1334 1060 1393 commemoratione
1079 1334 1212 1411 gaudent
1225 1334 1325 1411 angeli,

127 1420 157 1470 et
172 1415 343 1472 collaudant
356 1415 469 1472 Filium
483 1416 549 1472 Dei.

185 1515 331 1572 Fecimus.
373 1514 530 1572 Exsultate
540 1515 618 1590 justi
630 1515 662 1571 in
677 1514 828 1572 Domino:
849 1521 944 1573 rectos
957 1516 1041 1573 decet
1054 1514 1242 1574 collaudatio.

191 1611 300 1669 Oratio.

187 1693 276 1764 Deus,
293 1692 346 1769 qui
360 1693 493 1750 concedis
508 1693 632 1750 obtentu
652 1693 733 1750 beati
749 1693 880 1751 Antonii
901 1693 1074 1751 confessoris
1093 1693 1143 1750 tui
1162 1693 1324 1752 morbidum

125 1773 224 1849 ignem
246 1775 391 1849 extingui,
411 1780 441 1830 et
464 1775 605 1831 membris
629 1775 714 1850 oegris
737 1774 889 1850 refrigeria
908 1775 1062 1851 preestnri3
1088 1776 1135 1832 fae
1156 1793 1221 1848 nos,
1240 1774 1324 1852 ipsius

125 1855 238 1910 meritis
259 1875 277 1911 a
297 1855 437 1930 gehennae
458 1855 603 1912 incendiis
623 1855 770 1927 liberatos,
792 1856 923 1931 integros
944 1862 1044 1913 mente
1068 1861 1099 1913 et
1122 1874 1253 1932 coqrore,
1274 1855 1324 1913 tibi

125 1934 250 1992 feliciter
263 1935 296 1991 in
310 1935 405 2011 gloria
418 1938 598 2010 praesentari.
642 1935 700 1993 Per
714 1936 884 1994 Dominum.

185 2032 282 2089 Lectio
296 2032 365 2090 iibri
377 2032 542 2108 Sapientia
584 2033 660 2091 Ecce
673 2035 806 2092 sacerdos
819 2054 950 2111 magnus.

105 2174 110 2184 .
188 2129 321 2187 Grudoie.

185 2211 323 2283 Domine,
338 2211 512 2287 praevenisti
532 2231 600 2269 eum
621 2212 655 2270 in
676 2212 928 2285 benedictionibus
947 2212 1129 2287 dulcedinis:
1153 2211 1280 2289 pmuistn'
1295 2211 1324 2269 in

126 2292 222 2367 capite
236 2293 299 2367 ejus
313 2311 452 2350 coronam
466 2292 502 2350 dc
516 2293 613 2369 lapide
627 2294 762 2369 pretioso

132 2373 159 2431 V.
187 2372 293 2429 Vitam
307 2374 403 2449 petiit,
420 2380 451 2430 et
465 2374 598 2432 tribuisti
612 2377 656 2431 ei:
670 2374 888 2451 longitudinem
899 2375 1054 2432 dierumin
1068 2374 1211 2432 saecrrlum
1224 2372 1322 2433 saeenli

184 2466 332 2542 Alleluya.
382 2467 412 2525 V.
435 2466 522 2525 Felix
536 2487 640 2543 corpus
654 2475 685 2524 ct
698 2467 771 2525 felix
784 2467 892 2539 anima,

476 2548 563 2606 Felix
576 2549 673 2605 virtus
686 2549 782 2606 sancti
794 2549 931 2619 Antonii,

436 2629 529 2705 Cujus
542 2649 651 2687 nomen
665 2629 835 2687 collaudant
848 2630 957 2701 omnia,

475 2711 517 2767 Et
531 2717 672 2767 verentur
684 2717 786 2787 gentes
800 2717 831 2768 et
844 2711 964 2787 populi:

433 2791 582 2848 Flammas
595 2792 681 2867 ignis,
697 2792 768 2849 Orci
780 2792 925 2863 incendia,

475 2872 551 2929 Mox
564 2873 688 2930 suffocat
701 2875 797 2930 victor
810 2873 976 2930 daemonum
988 2893 996 2943 ;

434 2952 499 3010 Tua
512 2973 606 3030 prece,
620 2953 707 3010 laude
722 2960 752 3011 et
765 2953 858 3031 gloria

473 3034 537 3091 Nos
552 3035 656 3111 copula
669 3041 838 3092 sanctorum
851 3035 947 3092 coetui.
1051 3040 1055 3046 '

185 3124 334 3199 Alleluya.
385 3126 413 3182 Γ.
439 3127 464 3184 Ο
480 3128 606 3198 Antoni,
621 3135 723 3203 pastor
735 3128 863 3204 inclyte:
879 3127 931 3204 qui
945 3127 1089 3185 cruciatos
1098 3126 1203 3201 reficis,
1215 3128 1325 3185 morbos

126 3225 211 3262 sanas
232 3211 263 3262 et
284 3206 419 3277 destruis,
434 3208 512 3284 ignis
534 3209 660 3266 calorem
682 3209 841 3286 extinguis,
857 3209 905 3285 pie
926 3215 1019 3285 pater,
1033 3208 1071 3267 ad
1094 3208 1260 3267 Dominum
1278 3226 1325 3265 cra

125 3305 179 3360 pro
193 3286 278 3343 nobis
292 3287 412 3345 miseris.
636 3298 641 3305 “
1335 3304 1339 3313 “

286 3399 451 3476 Sequentia.

429 3496 468 3552 In
482 3496 537 3554 hac
551 3497 598 3553 die
613 3497 782 3554 laetabunda

470 3578 575 3634 Nostri
590 3578 671 3635 chori
684 3579 767 3653 plebs
778 3577 908 3653 jocunda

510 3659 623 3715 Psallat
637 3679 704 3716 cum
718 3659 866 3734 tripudio;

430 3740 472 3796 Et
485 3738 539 3797 hac
553 3739 601 3796 die
614 3738 788 3815 triumphali

471 3820 588 3878 Laudes
601 3827 672 3877 voto
686 3819 804 3897 speciali

510 3901 665 3959 Persolvat
677 3902 820 3958 Antonio,

430 3997 492 4055 Hic
505 3999 616 4075 insigni
630 3998 721 4076 stirpe
734 4005 831 4072 natus,
909 4058 914 4063 ,

470 4079 557 4137 Dono
572 4080 629 4137 Dei
643 4080 805 4151 decoratus,

510 4160 631 4217 Effulsit
644 4162 826 4235 virtutibus,

429 4242 531 4298 Antra
544 4241 621 4317 petit
635 4262 688 4318 per
701 4242 861 4313 desertdm,

471 4322 520 4380 Ne
534 4342 564 4380 se
577 4322 659 4380 vitiis
672 4322 818 4380 incertum

509 4403 642 4461 Mundus
656 4403 741 4461 fallat
754 4405 864 4481 opibus.
