2910 4904
631 322 728 387 Festa
749 315 867 387 Jaatt.
1308 323 1349 392 57

204 487 327 547 Secreta.

202 568 276 642 Tua,
304 569 444 641 Domine,
473 571 645 628 muneribus
679 572 785 630 altaria
819 563 1012 642 cumulamus,
1041 570 1122 627 illius
1156 571 1347 630 nativitatem

139 650 252 706 honore
277 650 377 708 debito
401 650 589 724 celebrantes,
606 653 659 728 qui
676 653 852 711 salvatorem
875 653 979 709 mundi
1000 657 1030 708 et
1051 652 1158 708 cecinit
1172 654 1346 726 affuturum,

141 731 286 880 &adesse
300 733 480 791 monstravit
493 732 658 790 Dominum
675 740 809 792 nostrum
830 734 852 791 J
854 753 936 791 esum
957 733 1109 791 Christum
1123 732 1236 791 Filium
1249 740 1345 792 tuum.

77 815 80 820 ’
169 813 203 868 ui
216 818 325 870 tecum.

202 903 386 965 Communia

199 986 256 1056 Tu,
281 1007 363 1063 puer,
386 987 532 1064 propheta
553 989 704 1046 Altissimi
727 988 884 1061 vocaberis,
900 989 1019 1064 praeibis
1040 987 1119 1044 enim
1141 995 1210 1046 ante
1238 989 1343 1046 faciem

139 1067 266 1124 Domini
280 1088 384 1144 parare
397 1069 461 1126 vias
475 1070 545 1146 ejus.

198 1160 446 1220 Poatcommuraio.

199 1241 308 1299 Sumat
335 1244 455 1301 ecclesia
482 1249 543 1315 tua,
573 1243 662 1316 Deus,
691 1244 772 1300 beati
800 1243 948 1300 Johannis
982 1243 1126 1319 Baptistae
1153 1245 1343 1320 generatione

135 1323 285 1394 laetitiam,
308 1343 362 1400 per
385 1344 474 1400 quem
498 1344 558 1381 suae
584 1324 814 1402 regenerationis
842 1324 980 1400 cognovit
1004 1329 1153 1383 auctorem
1178 1326 1343 1383 Dominum

134 1408 284 1460 nostrum.

628 1561 772 1620 Sncuuno
793 1579 856 1621 nm.

199 1693 337 1768 Officium
376 1694 398 1751 J
400 1702 485 1752 ustus
499 1702 534 1751 ut
548 1695 653 1771 palma.

196 1787 308 1846 Oratio.
353 1788 487 1846 Concede
501 1809 677 1864 quaesumus,
693 1790 882 1865 omnipotens
896 1789 989 1862 Deus,
1004 1799 1038 1847 ut
1055 1810 1148 1865 supro
1171 1791 1205 1847 ta
1225 1790 1341 1865 Viqila‘a,

123 1877 241 1946 praeter
254 1867 442 1943 Sequentium
455 1879 481 1927 et
496 1871 597 1928 Credo

262 2111 264 2114 ‘
322 2108 511 2168 Snucroaun
531 2110 692 2167 Jonarsrs
714 2126 751 2166 nr
772 2109 880 2168 Paum.
926 2110 977 2187 (vi.
995 2110 1064 2168 Kal.
1080 2110 1158 2191 Jul)

198 2259 340 2336 Officium.
384 2260 492 2318 Multae
506 2260 722 2317 tribulationes.

197 2353 306 2411 Oratio.

195 2434 381 2506 Quaesumus,
406 2435 593 2510 omnipotens
621 2434 712 2504 Deus,
741 2441 776 2491 ut
803 2454 856 2490 nos
880 2434 1030 2510 geminata
1057 2435 1163 2493 laetitia
1188 2435 1338 2494 hodiernae

127 2515 308 2573 festivitatis
329 2515 468 2592 excipiat,
486 2536 550 2592 quae
572 2516 608 2572 de
627 2516 783 2573 beatorum
806 2516 956 2573 Johannis
969 2521 999 2572 et
1018 2516 1105 2573 Pauli
1125 2516 1339 2592 glorificatione

127 2596 268 2671 procedit
280 2615 303 2668 ;·
319 2617 392 2672 quos
413 2597 515 2654 eadem
538 2597 610 2654 fides
635 2603 666 2654 et
689 2597 785 2673 passio
806 2594 874 2654 vere
894 2596 965 2653 feeit
986 2617 1047 2654 esse
1067 2617 1229 2674 germanos.
1281 2598 1340 2655 Per

130 2677 308 2734 Dominum.

194 2759 336 2834 Epistola.
380 2758 427 2815 Hi
440 2764 510 2816 sunt
524 2759 582 2815 viri
596 2758 811 2816 misericordiae.

197 2838 333 2900 Gradal.
376 2840 452 2896 Ecce
467 2860 555 2916 quam
569 2840 688 2897 bonum.

193 2919 344 2997 Alleluya.
394 2920 423 2979 V.
447 2921 506 2978 Isti
525 2928 596 2978 sunt
616 2923 681 2978 duae
702 2921 787 2977 olivae
807 2927 837 2977 et
855 2920 914 2978 duo
935 2921 1109 2978 candelabra
1122 2921 1253 2979 lucentia
1266 2928 1337 2980 ante

127 3001 315 3058 Dominum:
336 3000 448 3059 habent
461 3009 638 3078 potestatem
653 3003 788 3060 claudere
802 3001 905 3058 caelum
918 3003 1049 3060 nubibus
1063 3009 1094 3059 et
1107 3003 1221 3078 aperire
1233 3010 1335 3079 portas

127 3083 214 3158 ejus:
235 3082 307 3157 quia
319 3083 429 3158 linguae
443 3103 544 3140 eorum
559 3085 654 3140 claves
668 3084 732 3141 caeli
745 3083 830 3140 factae
845 3089 921 3140 sunt.

193 3174 396 3249 Evangelium.
438 3176 599 3233 Attendite
613 3197 631 3232 a
644 3178 797 3233 fermento

194 3254 390 3330 Offlrtorium.
434 3257 657 3315 Gloriabuntur.

192 3348 313 3409 Secreto.

193 3430 317 3488 Hostias
344 3430 410 3502 tibi,
435 3431 573 3501 Domine,
594 3437 764 3488 sanctorum
787 3437 952 3506 martyrum
980 3437 1101 3489 tuorum
1128 3430 1149 3490 J
1151 3432 1275 3491 ohannis
1303 3437 1333 3491 et

127 3510 221 3568 Pauli
242 3511 354 3569 dicatas
378 3513 492 3569 meritis
514 3513 660 3589 benignus
682 3533 806 3584 assume,
821 3519 851 3570 et
871 3513 909 3570 ad
929 3518 1106 3589 perpetuum
1126 3514 1212 3570 nobis
1232 3514 1332 3572 tribue

125 3593 286 3669 provenire
300 3593 472 3650 subsidium.
516 3594 581 3651 Per.
1085 3618 1087 3622 ³

193 3672 374 3732 Communia
419 3675 460 3731 Et
473 3674 499 3731 si
512 3695 617 3732 coram.

191 3755 432 3813 Poatcommuaiu

191 3835 385 3914 Sumpsimus,
408 3837 545 3908 Domine,
566 3842 734 3894 sanctorum
759 3842 924 3910 martyrum
945 3843 1066 3893 tuorum
1087 3836 1241 3894 sollemnia
1261 3837 1332 3894 cele

125 3916 250 3974 brantes
270 3925 454 3975 sacramenta
474 3917 618 3989 caelestia3
638 3925 754 3994 praesta,
769 3937 945 3994 quaesumus
960 3925 1003 3990 ut,
1026 3919 1105 3994 quod
1126 3918 1331 3995 temporaliter

124 3997 264 4073 gerimus,
279 3999 399 4056 aeternis
412 3999 526 4075 gaudiis
540 4018 759 4074 consequamur.
803 3999 862 4056 Per
876 3999 1048 4056 Dominum.

223 4229 262 4286 Iu
282 4230 414 4288 V1o1n1a
434 4247 651 4289 arosrononun
671 4231 768 4288 Pnrar
789 4247 827 4288 nr
847 4230 956 4287 Pausa
1001 4229 1052 4308 (iv.
1069 4230 1139 4288 Kal.
1154 4229 1231 4308 Jul.)

190 4366 327 4443 Officium.

189 4449 270 4508 Dicit
283 4450 433 4508 Dominus
443 4450 553 4509 Petro:
569 4451 644 4508 Cum
658 4470 732 4509 esses
742 4451 846 4527 junior
855 4451 992 4528 cingebas
999 4455 1039 4521 te,
1051 4456 1082 4508 et
1092 4450 1263 4508 ambulabas
1273 4448 1326 4509 ubi
