<?xml version="1.0" encoding="UTF-8"?>
<!DOCTYPE html PUBLIC "-//W3C//DTD XHTML 1.0 Transitional//EN"
    "http://www.w3.org/TR/xhtml1/DTD/xhtml1-transitional.dtd">
<html xmlns="http://www.w3.org/1999/xhtml" xml:lang="en" lang="en">
 <head>
  <title>
</title>
<meta http-equiv="Content-Type" content="text/html;charset=utf-8" />
  <meta name='ocr-system' content='tesseract 3.04.00' />
  <meta name='ocr-capabilities' content='ocr_page ocr_carea ocr_par ocr_line ocrx_word'/>
</head>
<body>
  <div class='ocr_page' id='page_1' title='image "./missaleadusumin01churgoog_0232.png"; bbox 0 0 2910 4904; ppageno 0'>
   <div class='ocr_carea' id='block_1_1' title="bbox 546 304 964 392">
    <p class='ocr_par' dir='ltr' id='par_1_1' title="bbox 546 304 964 392">
     <span class='ocr_line' id='line_1_1' title="bbox 546 304 964 392; baseline 0 -20"><span class='ocrx_word' id='word_1_1' title='bbox 546 304 732 392; x_wconf 70' lang='lat' dir='ltr'><strong>Sequentia</strong></span> <span class='ocrx_word' id='word_1_2' title='bbox 756 305 964 372; x_wconf 69' lang='lat' dir='ltr'><strong>Communes.</strong></span> 
     </span>
    </p>
   </div>
   <div class='ocr_carea' id='block_1_2' title="bbox 499 472 1064 3058">
    <p class='ocr_par' dir='ltr' id='par_1_2' title="bbox 507 472 1064 712">
     <span class='ocr_line' id='line_1_2' title="bbox 507 472 922 542; baseline 0.002 -13"><span class='ocrx_word' id='word_1_3' title='bbox 507 472 657 542; x_wconf 75' lang='lat' dir='ltr'><strong>Quattuor</strong></span> <span class='ocrx_word' id='word_1_4' title='bbox 670 474 841 531; x_wconf 79' lang='lat' dir='ltr'><strong>describunt</strong></span> <span class='ocrx_word' id='word_1_5' title='bbox 854 473 906 531; x_wconf 90' lang='lat' dir='ltr'><strong>isti</strong></span> <span class='ocrx_word' id='word_1_6' title='bbox 921 528 922 531; x_wconf 73' lang='grc'>,</span> 
     </span>
     <span class='ocr_line' id='line_1_3' title="bbox 510 554 965 628; baseline 0.004 -18"><span class='ocrx_word' id='word_1_7' title='bbox 510 555 731 624; x_wconf 76' lang='lat' dir='ltr'><strong>Quadriformes</strong></span> <span class='ocrx_word' id='word_1_8' title='bbox 744 561 828 613; x_wconf 84' lang='lat' dir='ltr'><strong>actus</strong></span> <span class='ocrx_word' id='word_1_9' title='bbox 843 554 965 628; x_wconf 75' lang='lat' dir='ltr'>Christi,</span> 
     </span>
     <span class='ocr_line' id='line_1_4' title="bbox 508 635 1064 712; baseline 0.002 -20"><span class='ocrx_word' id='word_1_10' title='bbox 508 635 550 692; x_wconf 85' lang='lat' dir='ltr'><strong>Et</strong></span> <span class='ocrx_word' id='word_1_11' title='bbox 565 638 702 712; x_wconf 85' lang='lat' dir='ltr'><strong>figurant,</strong></span> <span class='ocrx_word' id='word_1_12' title='bbox 717 642 752 693; x_wconf 92' lang='lat' dir='ltr'><strong>ut</strong></span> <span class='ocrx_word' id='word_1_13' title='bbox 765 635 885 707; x_wconf 88' lang='lat' dir='ltr'><strong>audisti,</strong></span> <span class='ocrx_word' id='word_1_14' title='bbox 1061 642 1064 648; x_wconf 83' lang='lat'>&#39;</span> 
     </span>
    </p>

    <p class='ocr_par' dir='ltr' id='par_1_3' title="bbox 549 712 896 793">
     <span class='ocr_line' id='line_1_5' title="bbox 549 712 896 793; baseline 0.009 -20"><span class='ocrx_word' id='word_1_15' title='bbox 549 715 681 793; x_wconf 81' lang='lat' dir='ltr'>Quisque</span> <span class='ocrx_word' id='word_1_16' title='bbox 689 712 747 774; x_wconf 66' lang='lat' dir='ltr'><strong>&#39;sua</strong></span> <span class='ocrx_word' id='word_1_17' title='bbox 760 716 896 777; x_wconf 86' lang='lat' dir='ltr'><strong>formula.</strong></span> 
     </span>
    </p>

    <p class='ocr_par' dir='ltr' id='par_1_4' title="bbox 499 796 915 1035">
     <span class='ocr_line' id='line_1_6' title="bbox 499 796 896 873; baseline 0 -19"><span class='ocrx_word' id='word_1_18' title='bbox 499 796 539 873; x_wconf 76' lang='grc' dir='ltr'><strong>Ι11</strong></span> <span class='ocrx_word' id='word_1_19' title='bbox 540 803 607 854; x_wconf 93' lang='lat' dir='ltr'><strong>atus</strong></span> <span class='ocrx_word' id='word_1_20' title='bbox 621 798 708 854; x_wconf 92' lang='lat' dir='ltr'><strong>homo</strong></span> <span class='ocrx_word' id='word_1_21' title='bbox 722 798 896 871; x_wconf 77' lang='lat' dir='ltr'>declaratur,</span> 
     </span>
     <span class='ocr_line' id='line_1_7' title="bbox 505 877 836 951; baseline -0.003 -16"><span class='ocrx_word' id='word_1_22' title='bbox 505 877 632 935; x_wconf 87' lang='lat' dir='ltr'><strong>Vitulus</strong></span> <span class='ocrx_word' id='word_1_23' title='bbox 645 880 836 951; x_wconf 86' lang='lat' dir='ltr'><strong>sacrificatur,</strong></span> 
     </span>
     <span class='ocr_line' id='line_1_8' title="bbox 505 957 915 1035; baseline -0.002 -19"><span class='ocrx_word' id='word_1_24' title='bbox 505 957 568 1016; x_wconf 85' lang='lat' dir='ltr'><strong>Leo</strong></span> <span class='ocrx_word' id='word_1_25' title='bbox 581 966 707 1016; x_wconf 88' lang='lat' dir='ltr'><strong>mortem</strong></span> <span class='ocrx_word' id='word_1_26' title='bbox 721 959 915 1035; x_wconf 73' lang='lat' dir='ltr'><strong>depraedatur,</strong></span> 
     </span>
    </p>

    <p class='ocr_par' dir='ltr' id='par_1_5' title="bbox 546 1040 855 1116">
     <span class='ocr_line' id='line_1_9' title="bbox 546 1040 855 1116; baseline 0 -18"><span class='ocrx_word' id='word_1_27' title='bbox 546 1040 588 1098; x_wconf 88' lang='lat' dir='ltr'><strong>Et</strong></span> <span class='ocrx_word' id='word_1_28' title='bbox 602 1040 734 1097; x_wconf 83' lang='lat' dir='ltr'><strong>ascendit</strong></span> <span class='ocrx_word' id='word_1_29' title='bbox 744 1040 855 1116; x_wconf 84' lang='lat' dir='ltr'><strong>aquila.</strong></span> 
     </span>
    </p>

    <p class='ocr_par' dir='ltr' id='par_1_6' title="bbox 505 1120 958 1353">
     <span class='ocr_line' id='line_1_10' title="bbox 506 1120 843 1192; baseline -0.006 -14"><span class='ocrx_word' id='word_1_30' title='bbox 506 1120 582 1178; x_wconf 88' lang='lat' dir='ltr'><strong>Ecce</strong></span> <span class='ocrx_word' id='word_1_31' title='bbox 595 1121 689 1178; x_wconf 85' lang='lat' dir='ltr'><strong>forma</strong></span> <span class='ocrx_word' id='word_1_32' title='bbox 702 1120 843 1192; x_wconf 91' lang='lat' dir='ltr'><strong>bestialis,</strong></span> 
     </span>
     <span class='ocr_line' id='line_1_11' title="bbox 506 1199 958 1278; baseline 0.002 -20"><span class='ocrx_word' id='word_1_33' title='bbox 506 1200 602 1270; x_wconf 84' lang='lat' dir='ltr'><strong>Quam</strong></span> <span class='ocrx_word' id='word_1_34' title='bbox 617 1202 764 1278; x_wconf 84' lang='lat' dir='ltr'><strong>scriptura</strong></span> <span class='ocrx_word' id='word_1_35' title='bbox 776 1199 958 1278; x_wconf 86' lang='lat' dir='ltr'><strong>prophetalis</strong></span> 
     </span>
     <span class='ocr_line' id='line_1_12' title="bbox 505 1281 855 1353; baseline 0 -13"><span class='ocrx_word' id='word_1_36' title='bbox 505 1281 611 1353; x_wconf 86' lang='lat' dir='ltr'><strong>Notat,</strong></span> <span class='ocrx_word' id='word_1_37' title='bbox 628 1283 679 1340; x_wconf 89' lang='lat' dir='ltr'><strong>sed</strong></span> <span class='ocrx_word' id='word_1_38' title='bbox 693 1283 855 1340; x_wconf 87' lang='lat' dir='ltr'><strong>materialis</strong></span> 
     </span>
    </p>

    <p class='ocr_par' dir='ltr' id='par_1_7' title="bbox 504 1362 944 1678">
     <span class='ocr_line' id='line_1_13' title="bbox 545 1362 851 1440; baseline 0.01 -20"><span class='ocrx_word' id='word_1_39' title='bbox 545 1362 621 1421; x_wconf 90' lang='lat' dir='ltr'><strong>Haec</strong></span> <span class='ocrx_word' id='word_1_40' title='bbox 635 1370 681 1421; x_wconf 88' lang='lat' dir='ltr'><strong>est</strong></span> <span class='ocrx_word' id='word_1_41' title='bbox 693 1363 851 1440; x_wconf 84' lang='lat' dir='ltr'><strong>impositio.</strong></span> 
     </span>
     <span class='ocr_line' id='line_1_14' title="bbox 506 1443 944 1518; baseline -0.002 -16"><span class='ocrx_word' id='word_1_42' title='bbox 506 1443 639 1502; x_wconf 77' lang='lat' dir='ltr'><strong>currunt</strong></span> <span class='ocrx_word' id='word_1_43' title='bbox 652 1445 735 1516; x_wconf 85' lang='lat' dir='ltr'><strong>rotis,</strong></span> <span class='ocrx_word' id='word_1_44' title='bbox 750 1444 854 1501; x_wconf 86' lang='lat' dir='ltr'><strong>volant</strong></span> <span class='ocrx_word' id='word_1_45' title='bbox 867 1444 922 1501; x_wconf 81' lang='lat' dir='ltr'><strong>slis</strong></span> <span class='ocrx_word' id='word_1_46' title='bbox 934 1462 944 1518; x_wconf 90' lang='lat'>;</span> 
     </span>
     <span class='ocr_line' id='line_1_15' title="bbox 504 1524 912 1598; baseline 0 -16"><span class='ocrx_word' id='word_1_47' title='bbox 504 1524 598 1582; x_wconf 88' lang='lat' dir='ltr'><strong>Visus</strong></span> <span class='ocrx_word' id='word_1_48' title='bbox 611 1525 665 1582; x_wconf 84' lang='lat' dir='ltr'><strong>lux</strong></span> <span class='ocrx_word' id='word_1_49' title='bbox 679 1531 725 1582; x_wconf 91' lang='lat' dir='ltr'><strong>est</strong></span> <span class='ocrx_word' id='word_1_50' title='bbox 739 1525 912 1598; x_wconf 88' lang='lat' dir='ltr'><strong>discretalis,</strong></span> 
     </span>
     <span class='ocr_line' id='line_1_16' title="bbox 504 1605 845 1678; baseline 0 -16"><span class='ocrx_word' id='word_1_51' title='bbox 504 1605 585 1664; x_wconf 87' lang='lat' dir='ltr'><strong>Rota</strong></span> <span class='ocrx_word' id='word_1_52' title='bbox 598 1626 699 1664; x_wconf 87' lang='lat' dir='ltr'><strong>sensus</strong></span> <span class='ocrx_word' id='word_1_53' title='bbox 712 1606 845 1678; x_wconf 83' lang='lat' dir='ltr'><strong>literalis,</strong></span> 
     </span>
    </p>

    <p class='ocr_par' dir='ltr' id='par_1_8' title="bbox 501 1687 913 2001">
     <span class='ocr_line' id='line_1_17' title="bbox 542 1687 836 1763; baseline -0.003 -19"><span class='ocrx_word' id='word_1_54' title='bbox 542 1687 605 1744; x_wconf 81' lang='lat' dir='ltr'><strong>Aia</strong></span> <span class='ocrx_word' id='word_1_55' title='bbox 617 1687 836 1763; x_wconf 86' lang='lat' dir='ltr'><strong>contemplatio.</strong></span> 
     </span>
     <span class='ocr_line' id='line_1_18' title="bbox 503 1766 861 1844; baseline -0.003 -19"><span class='ocrx_word' id='word_1_56' title='bbox 503 1766 662 1826; x_wconf 78' lang='lat' dir='ltr'><strong>Paludiaus</strong></span> <span class='ocrx_word' id='word_1_57' title='bbox 676 1768 723 1825; x_wconf 90' lang='lat' dir='ltr'><strong>his</strong></span> <span class='ocrx_word' id='word_1_58' title='bbox 737 1767 861 1844; x_wconf 84' lang='lat' dir='ltr'><strong>rigatur,</strong></span> 
     </span>
     <span class='ocr_line' id='line_1_19' title="bbox 501 1848 913 1920; baseline 0 -14"><span class='ocrx_word' id='word_1_59' title='bbox 501 1848 600 1920; x_wconf 83' lang='lat' dir='ltr'><strong>Viret,</strong></span> <span class='ocrx_word' id='word_1_60' title='bbox 615 1849 711 1920; x_wconf 89' lang='lat' dir='ltr'><strong>floret,</strong></span> <span class='ocrx_word' id='word_1_61' title='bbox 726 1848 913 1920; x_wconf 88' lang='lat' dir='ltr'><strong>fecundatur,</strong></span> 
     </span>
     <span class='ocr_line' id='line_1_20' title="bbox 502 1929 913 2001; baseline -0.002 -14"><span class='ocrx_word' id='word_1_62' title='bbox 502 1929 562 1987; x_wconf 89' lang='lat' dir='ltr'><strong>His</strong></span> <span class='ocrx_word' id='word_1_63' title='bbox 576 1930 718 2001; x_wconf 82' lang='lat' dir='ltr'><strong>abundat,</strong></span> <span class='ocrx_word' id='word_1_64' title='bbox 733 1930 779 1987; x_wconf 90' lang='lat' dir='ltr'><strong>his</strong></span> <span class='ocrx_word' id='word_1_65' title='bbox 793 1929 913 1987; x_wconf 87' lang='lat' dir='ltr'><strong>laetatur</strong></span> 
     </span>
    </p>

    <p class='ocr_par' dir='ltr' id='par_1_9' title="bbox 501 2010 1018 2330">
     <span class='ocr_line' id='line_1_21' title="bbox 543 2010 888 2079; baseline 0 -11"><span class='ocrx_word' id='word_1_66' title='bbox 543 2010 693 2079; x_wconf 79' lang='lat' dir='ltr'><strong>Quattuor</strong></span> <span class='ocrx_word' id='word_1_67' title='bbox 706 2011 888 2068; x_wconf 89' lang='lat' dir='ltr'><strong>fluminibus.</strong></span> 
     </span>
     <span class='ocr_line' id='line_1_22' title="bbox 501 2091 1018 2164; baseline 0.002 -16"><span class='ocrx_word' id='word_1_68' title='bbox 501 2093 581 2148; x_wconf 88' lang='lat' dir='ltr'><strong>Fons</strong></span> <span class='ocrx_word' id='word_1_69' title='bbox 596 2098 641 2149; x_wconf 90' lang='lat' dir='ltr'><strong>est</strong></span> <span class='ocrx_word' id='word_1_70' title='bbox 655 2092 801 2163; x_wconf 75' lang='lat' dir='ltr'><strong>Christus,</strong></span> <span class='ocrx_word' id='word_1_71' title='bbox 816 2092 850 2149; x_wconf 91' lang='lat' dir='ltr'><strong>hi</strong></span> <span class='ocrx_word' id='word_1_72' title='bbox 863 2098 935 2150; x_wconf 91' lang='lat' dir='ltr'><strong>sunt</strong></span> <span class='ocrx_word' id='word_1_73' title='bbox 947 2091 1018 2164; x_wconf 80' lang='lat' dir='ltr'><strong>rivi,</strong></span> 
     </span>
     <span class='ocr_line' id='line_1_23' title="bbox 501 2172 942 2250; baseline 0.002 -20"><span class='ocrx_word' id='word_1_74' title='bbox 501 2172 581 2230; x_wconf 85' lang='lat' dir='ltr'><strong>Fons</strong></span> <span class='ocrx_word' id='word_1_75' title='bbox 595 2178 640 2230; x_wconf 90' lang='lat' dir='ltr'><strong>est</strong></span> <span class='ocrx_word' id='word_1_76' title='bbox 655 2173 743 2244; x_wconf 90' lang='lat' dir='ltr'><strong>altus,</strong></span> <span class='ocrx_word' id='word_1_77' title='bbox 760 2173 792 2229; x_wconf 92' lang='lat' dir='ltr'><strong>hi</strong></span> <span class='ocrx_word' id='word_1_78' title='bbox 806 2173 942 2250; x_wconf 85' lang='lat' dir='ltr'><strong>proclivi,</strong></span> 
     </span>
     <span class='ocr_line' id='line_1_24' title="bbox 502 2253 880 2330; baseline -0.003 -19"><span class='ocrx_word' id='word_1_79' title='bbox 502 2253 549 2311; x_wconf 90' lang='lat' dir='ltr'><strong>Ut</strong></span> <span class='ocrx_word' id='word_1_80' title='bbox 562 2273 696 2330; x_wconf 87' lang='lat' dir='ltr'><strong>saporem</strong></span> <span class='ocrx_word' id='word_1_81' title='bbox 710 2254 802 2312; x_wconf 89' lang='lat' dir='ltr'><strong>fontis</strong></span> <span class='ocrx_word' id='word_1_82' title='bbox 816 2254 880 2311; x_wconf 88' lang='lat' dir='ltr'><strong>vivi</strong></span> 
     </span>
    </p>

    <p class='ocr_par' dir='ltr' id='par_1_10' title="bbox 500 2333 879 2570">
     <span class='ocr_line' id='line_1_25' title="bbox 541 2333 879 2395; baseline 0.012 -4"><span class='ocrx_word' id='word_1_83' title='bbox 541 2333 720 2392; x_wconf 83' lang='lat' dir='ltr'><strong>Ministrent</strong></span> <span class='ocrx_word' id='word_1_84' title='bbox 733 2335 879 2395; x_wconf 90' lang='lat' dir='ltr'><strong>fidelibus.</strong></span> 
     </span>
     <span class='ocr_line' id='line_1_26' title="bbox 500 2414 858 2473; baseline -0.006 0"><span class='ocrx_word' id='word_1_85' title='bbox 500 2414 621 2473; x_wconf 89' lang='lat' dir='ltr'><strong>Horum</strong></span> <span class='ocrx_word' id='word_1_86' title='bbox 635 2416 701 2473; x_wconf 88' lang='lat' dir='ltr'><strong>rivo</strong></span> <span class='ocrx_word' id='word_1_87' title='bbox 715 2415 858 2473; x_wconf 85' lang='lat' dir='ltr'><strong>debriatis</strong></span> 
     </span>
     <span class='ocr_line' id='line_1_27' title="bbox 501 2496 854 2570; baseline 0 -16"><span class='ocrx_word' id='word_1_88' title='bbox 501 2496 573 2554; x_wconf 85' lang='lat' dir='ltr'><strong>Sitis</strong></span> <span class='ocrx_word' id='word_1_89' title='bbox 587 2502 698 2554; x_wconf 88' lang='lat' dir='ltr'><strong>crescat</strong></span> <span class='ocrx_word' id='word_1_90' title='bbox 711 2497 854 2570; x_wconf 81' lang='lat' dir='ltr'><strong>caritatis,</strong></span> 
     </span>
    </p>

    <p class='ocr_par' dir='ltr' id='par_1_11' title="bbox 500 2577 832 2653">
     <span class='ocr_line' id='line_1_28' title="bbox 500 2577 832 2653; baseline -0.006 -17"><span class='ocrx_word' id='word_1_91' title='bbox 500 2577 549 2636; x_wconf 91' lang='lat' dir='ltr'><strong>Ut</strong></span> <span class='ocrx_word' id='word_1_92' title='bbox 563 2577 600 2634; x_wconf 92' lang='lat' dir='ltr'><strong>de</strong></span> <span class='ocrx_word' id='word_1_93' title='bbox 613 2578 696 2634; x_wconf 89' lang='lat' dir='ltr'><strong>fonte</strong></span> <span class='ocrx_word' id='word_1_94' title='bbox 709 2577 832 2653; x_wconf 87' lang='lat' dir='ltr'><strong>pietatis</strong></span> 
     </span>
    </p>

    <p class='ocr_par' dir='ltr' id='par_1_12' title="bbox 499 2658 950 2978">
     <span class='ocr_line' id='line_1_29' title="bbox 541 2658 830 2735; baseline 0 -19"><span class='ocrx_word' id='word_1_95' title='bbox 541 2658 691 2716; x_wconf 81' lang='lat' dir='ltr'><strong>Satiemur</strong></span> <span class='ocrx_word' id='word_1_96' title='bbox 705 2659 830 2735; x_wconf 89' lang='lat' dir='ltr'><strong>plenius.</strong></span> 
     </span>
     <span class='ocr_line' id='line_1_30' title="bbox 499 2738 950 2798; baseline 0.002 -2"><span class='ocrx_word' id='word_1_97' title='bbox 499 2738 619 2797; x_wconf 84' lang='lat' dir='ltr'><strong>Horum</strong></span> <span class='ocrx_word' id='word_1_98' title='bbox 632 2740 733 2797; x_wconf 86' lang='lat' dir='ltr'><strong>trahat</strong></span> <span class='ocrx_word' id='word_1_99' title='bbox 746 2759 800 2798; x_wconf 89' lang='lat' dir='ltr'><strong>nos</strong></span> <span class='ocrx_word' id='word_1_100' title='bbox 814 2738 950 2797; x_wconf 89' lang='lat' dir='ltr'><strong>doctrina</strong></span> 
     </span>
     <span class='ocr_line' id='line_1_31' title="bbox 499 2820 847 2892; baseline -0.006 -14"><span class='ocrx_word' id='word_1_101' title='bbox 499 2820 656 2878; x_wconf 86' lang='lat' dir='ltr'><strong>Vitiorum</strong></span> <span class='ocrx_word' id='word_1_102' title='bbox 671 2820 707 2877; x_wconf 92' lang='lat' dir='ltr'><strong>de</strong></span> <span class='ocrx_word' id='word_1_103' title='bbox 721 2821 847 2892; x_wconf 88' lang='lat' dir='ltr'><strong>sentina,</strong></span> 
     </span>
     <span class='ocr_line' id='line_1_32' title="bbox 501 2901 882 2978; baseline 0 -19"><span class='ocrx_word' id='word_1_104' title='bbox 501 2901 609 2978; x_wconf 82' lang='lat' dir='ltr'><strong>Sicque</strong></span> <span class='ocrx_word' id='word_1_105' title='bbox 624 2902 714 2959; x_wconf 92' lang='lat' dir='ltr'><strong>ducat</strong></span> <span class='ocrx_word' id='word_1_106' title='bbox 727 2901 764 2958; x_wconf 88' lang='lat' dir='ltr'><strong>ad</strong></span> <span class='ocrx_word' id='word_1_107' title='bbox 779 2901 882 2959; x_wconf 83' lang='lat' dir='ltr'><strong>divina</strong></span> 
     </span>
    </p>

    <p class='ocr_par' dir='ltr' id='par_1_13' title="bbox 542 2981 825 3058">
     <span class='ocr_line' id='line_1_33' title="bbox 542 2981 825 3058; baseline 0.004 -18"><span class='ocrx_word' id='word_1_108' title='bbox 542 2982 594 3040; x_wconf 90' lang='lat' dir='ltr'><strong>Ab</strong></span> <span class='ocrx_word' id='word_1_109' title='bbox 608 2981 668 3039; x_wconf 91' lang='lat' dir='ltr'><strong>imo</strong></span> <span class='ocrx_word' id='word_1_110' title='bbox 683 2983 825 3058; x_wconf 87' lang='lat' dir='ltr'><strong>superius.</strong></span> 
     </span>
    </p>
   </div>
   <div class='ocr_carea' id='block_1_3' title="bbox 125 3077 1327 4534">
    <p class='ocr_par' dir='ltr' id='par_1_14' title="bbox 125 3077 1327 4534">
     <span class='ocr_line' id='line_1_34' title="bbox 183 3077 1325 3158; baseline 0.004 -20"><span class='ocrx_word' id='word_1_111' title='bbox 183 3077 249 3138; x_wconf 74' lang='lat' dir='ltr'><strong>Isto</strong></span> <span class='ocrx_word' id='word_1_112' title='bbox 277 3080 443 3156; x_wconf 77' lang='lat' dir='ltr'><strong>precedens</strong></span> <span class='ocrx_word' id='word_1_113' title='bbox 468 3078 626 3155; x_wconf 74' lang='lat' dir='ltr'><strong>Sequentia</strong></span> <span class='ocrx_word' id='word_1_114' title='bbox 653 3087 770 3136; x_wconf 78' lang='lat' dir='ltr'><strong>tontum</strong></span> <span class='ocrx_word' id='word_1_115' title='bbox 797 3079 908 3137; x_wconf 77' lang='lat' dir='ltr'><strong>dicitur</strong></span> <span class='ocrx_word' id='word_1_116' title='bbox 934 3077 969 3136; x_wconf 77' lang='grc'><strong>111</strong></span> <span class='ocrx_word' id='word_1_117' title='bbox 989 3077 1080 3158; x_wconf 28' lang='lat' dir='ltr'><strong>&#39;desto</strong></span> <span class='ocrx_word' id='word_1_118' title='bbox 1108 3082 1204 3142; x_wconf 73' lang='lat' dir='ltr'><strong>secti</strong></span> <span class='ocrx_word' id='word_1_119' title='bbox 1230 3082 1325 3154; x_wconf 70' lang='lat' dir='ltr'><strong>Loca</strong></span> 
     </span>
     <span class='ocr_line' id='line_1_35' title="bbox 125 3160 312 3236; baseline 0.011 -19"><span class='ocrx_word' id='word_1_120' title='bbox 125 3160 312 3236; x_wconf 62' lang='lat' dir='ltr'><strong>eratqetiatoe.</strong></span> 
     </span>
     <span class='ocr_line' id='line_1_36' title="bbox 185 3239 814 3317; baseline 0.006 -18"><span class='ocrx_word' id='word_1_121' title='bbox 185 3240 228 3299; x_wconf 80' lang='lat' dir='ltr'><strong>Io</strong></span> <span class='ocrx_word' id='word_1_122' title='bbox 240 3241 338 3299; x_wconf 79' lang='lat' dir='ltr'><strong>aetoli</strong></span> <span class='ocrx_word' id='word_1_123' title='bbox 350 3241 443 3300; x_wconf 77' lang='lat' dir='ltr'><strong>uatus</strong></span> <span class='ocrx_word' id='word_1_124' title='bbox 455 3241 607 3317; x_wconf 74' lang='lat' dir='ltr'><strong>omrtyrt&#39;s.</strong></span> <span class='ocrx_word' id='word_1_125' title='bbox 649 3239 814 3316; x_wconf 75' lang='lat' dir='ltr'><strong>Sequentia.</strong></span> 
     </span>
     <span class='ocr_line' id='line_1_37' title="bbox 245 3321 1036 3399; baseline 0.001 -19"><span class='ocrx_word' id='word_1_126' title='bbox 245 3321 399 3399; x_wconf 82' lang='lat' dir='ltr'><strong>Organicis</strong></span> <span class='ocrx_word' id='word_1_127' title='bbox 413 3342 552 3380; x_wconf 91' lang='lat' dir='ltr'><strong>canamus</strong></span> <span class='ocrx_word' id='word_1_128' title='bbox 565 3322 693 3381; x_wconf 88' lang='lat' dir='ltr'><strong>modulis</strong></span> <span class='ocrx_word' id='word_1_129' title='bbox 706 3342 786 3380; x_wconf 91' lang='lat' dir='ltr'><strong>nunc</strong></span> <span class='ocrx_word' id='word_1_130' title='bbox 806 3322 846 3380; x_wconf 88' lang='lat' dir='ltr'><strong>N.</strong></span> <span class='ocrx_word' id='word_1_131' title='bbox 862 3321 1036 3395; x_wconf 83' lang='lat' dir='ltr'><strong>sollemnia;</strong></span> 
     </span>
     <span class='ocr_line' id='line_1_38' title="bbox 246 3402 1083 3479; baseline 0.001 -20"><span class='ocrx_word' id='word_1_132' title='bbox 246 3402 421 3479; x_wconf 85' lang='lat' dir='ltr'><strong>Omnigenis</strong></span> <span class='ocrx_word' id='word_1_133' title='bbox 434 3403 694 3462; x_wconf 88' lang='lat' dir='ltr'><strong>Dominovocibus</strong></span> <span class='ocrx_word' id='word_1_134' title='bbox 708 3405 862 3461; x_wconf 83' lang='lat' dir='ltr'><strong>reddentes</strong></span> <span class='ocrx_word' id='word_1_135' title='bbox 876 3403 947 3461; x_wconf 86' lang='lat' dir='ltr'><strong>odas</strong></span> <span class='ocrx_word' id='word_1_136' title='bbox 960 3403 1083 3478; x_wconf 81' lang='lat' dir='ltr'><strong>debitas,</strong></span> 
     </span>
     <span class='ocr_line' id='line_1_39' title="bbox 245 3483 1326 3573; baseline 0.006 -33"><span class='ocrx_word' id='word_1_137' title='bbox 245 3483 338 3554; x_wconf 82' lang='lat' dir='ltr'><strong>Qui</strong></span> <span class='ocrx_word' id='word_1_138' title='bbox 329 3503 362 3540; x_wconf 92' lang='lat' dir='ltr'><strong>m</strong></span> <span class='ocrx_word' id='word_1_139' title='bbox 384 3485 445 3542; x_wconf 87' lang='lat' dir='ltr'><strong>suia</strong></span> <span class='ocrx_word' id='word_1_140' title='bbox 467 3486 577 3542; x_wconf 88' lang='lat' dir='ltr'><strong>sanctis</strong></span> <span class='ocrx_word' id='word_1_141' title='bbox 599 3485 744 3542; x_wconf 87' lang='lat' dir='ltr'><strong>mirabilis</strong></span> <span class='ocrx_word' id='word_1_142' title='bbox 764 3484 862 3556; x_wconf 89' lang='lat' dir='ltr'><strong>nimis,</strong></span> <span class='ocrx_word' id='word_1_143' title='bbox 891 3484 1052 3563; x_wconf 88' lang='lat' dir='ltr'><strong>multiplici</strong></span> <span class='ocrx_word' id='word_1_144' title='bbox 1078 3485 1228 3573; x_wconf 80' lang='lat' dir='ltr'><strong>virtutum</strong></span> <span class='ocrx_word' id='word_1_145' title='bbox 1255 3486 1326 3546; x_wconf 85' lang='lat' dir='ltr'><strong>flore</strong></span> 
     </span>
     <span class='ocr_line' id='line_1_40' title="bbox 325 3528 913 3636; baseline 0.002 -15"><span class='ocrx_word' id='word_1_146' title='bbox 325 3564 442 3622; x_wconf 89' lang='lat' dir='ltr'><strong>eosdem</strong></span> <span class='ocrx_word' id='word_1_147' title='bbox 455 3566 574 3624; x_wconf 80' lang='lat' dir='ltr'><strong>decorat</strong></span> <span class='ocrx_word' id='word_1_148' title='bbox 587 3586 620 3624; x_wconf 89' lang='lat' dir='ltr'><strong>ac</strong></span> <span class='ocrx_word' id='word_1_149' title='bbox 634 3566 756 3623; x_wconf 86' lang='lat' dir='ltr'><strong>mirifice</strong></span> <span class='ocrx_word' id='word_1_150' title='bbox 770 3528 913 3636; x_wconf 51' lang='lat' dir='ltr'><strong>adoniam</strong></span> 
     </span>
     <span class='ocr_line' id='line_1_41' title="bbox 244 3642 1327 3726; baseline 0.003 -24"><span class='ocrx_word' id='word_1_151' title='bbox 244 3642 325 3702; x_wconf 85' lang='lat' dir='ltr'><strong>Nam</strong></span> <span class='ocrx_word' id='word_1_152' title='bbox 338 3645 468 3722; x_wconf 83' lang='lat' dir='ltr'><strong>etipsis,</strong></span> <span class='ocrx_word' id='word_1_153' title='bbox 484 3647 758 3723; x_wconf 88' lang='lat' dir='ltr'><strong>quasiquibusdam</strong></span> <span class='ocrx_word' id='word_1_154' title='bbox 778 3646 897 3703; x_wconf 82' lang='lat' dir='ltr'><strong>musicis</strong></span> <span class='ocrx_word' id='word_1_155' title='bbox 916 3645 1133 3720; x_wconf 82' lang='lat' dir='ltr'><strong>instrumentis,</strong></span> <span class='ocrx_word' id='word_1_156' title='bbox 1147 3647 1241 3726; x_wconf 86' lang='lat' dir='ltr'><strong>digito</strong></span> <span class='ocrx_word' id='word_1_157' title='bbox 1261 3667 1327 3726; x_wconf 80' lang='lat' dir='ltr'><strong>pro·</strong></span> 
     </span>
     <span class='ocr_line' id='line_1_42' title="bbox 325 3726 976 3804; baseline 0.005 -22"><span class='ocrx_word' id='word_1_158' title='bbox 325 3726 390 3802; x_wconf 87' lang='lat' dir='ltr'><strong>prio</strong></span> <span class='ocrx_word' id='word_1_159' title='bbox 404 3727 477 3785; x_wconf 86' lang='lat' dir='ltr'><strong>fides</strong></span> <span class='ocrx_word' id='word_1_160' title='bbox 491 3729 586 3804; x_wconf 88' lang='lat' dir='ltr'><strong>agitat</strong></span> <span class='ocrx_word' id='word_1_161' title='bbox 599 3728 672 3786; x_wconf 89' lang='lat' dir='ltr'><strong>fides</strong></span> <span class='ocrx_word' id='word_1_162' title='bbox 685 3728 835 3784; x_wconf 83' lang='lat' dir='ltr'><strong>virtutum</strong></span> <span class='ocrx_word' id='word_1_163' title='bbox 848 3746 976 3786; x_wconf 86' lang='lat' dir='ltr'><strong>sonoras.</strong></span> 
     </span>
     <span class='ocr_line' id='line_1_43' title="bbox 244 3805 1325 3888; baseline 0.003 -25"><span class='ocrx_word' id='word_1_164' title='bbox 244 3805 311 3864; x_wconf 87' lang='lat' dir='ltr'><strong>Has</strong></span> <span class='ocrx_word' id='word_1_165' title='bbox 324 3826 478 3865; x_wconf 86' lang='lat' dir='ltr'><strong>numerose</strong></span> <span class='ocrx_word' id='word_1_166' title='bbox 491 3828 663 3886; x_wconf 84' lang='lat' dir='ltr'><strong>percurrens</strong></span> <span class='ocrx_word' id='word_1_167' title='bbox 680 3808 819 3885; x_wconf 84' lang='lat' dir='ltr'><strong>singulas,</strong></span> <span class='ocrx_word' id='word_1_168' title='bbox 834 3808 990 3885; x_wconf 89' lang='lat' dir='ltr'><strong>permiscet</strong></span> <span class='ocrx_word' id='word_1_169' title='bbox 1003 3808 1128 3888; x_wconf 82' lang='lat' dir='ltr'><strong>singulis</strong></span> <span class='ocrx_word' id='word_1_170' title='bbox 1144 3808 1325 3868; x_wconf 87' lang='lat' dir='ltr'><strong>diatessaron</strong></span> 
     </span>
     <span class='ocr_line' id='line_1_44' title="bbox 324 3887 681 3961; baseline 0.009 -17"><span class='ocrx_word' id='word_1_171' title='bbox 324 3887 496 3945; x_wconf 89' lang='lat' dir='ltr'><strong>mellifluam</strong></span> <span class='ocrx_word' id='word_1_172' title='bbox 517 3890 681 3961; x_wconf 87' lang='lat' dir='ltr'><strong>melodiam,</strong></span> 
     </span>
     <span class='ocr_line' id='line_1_45' title="bbox 244 3937 1323 4070; baseline 0.002 -44"><span class='ocrx_word' id='word_1_173' title='bbox 244 3966 341 4039; x_wconf 85' lang='lat' dir='ltr'><strong>Quam</strong></span> <span class='ocrx_word' id='word_1_174' title='bbox 354 3976 475 4044; x_wconf 86' lang='lat' dir='ltr'><strong>generat</strong></span> <span class='ocrx_word' id='word_1_175' title='bbox 488 3971 637 4028; x_wconf 85' lang='lat' dir='ltr'><strong>virtutum</strong></span> <span class='ocrx_word' id='word_1_176' title='bbox 650 3976 746 4028; x_wconf 88' lang='lat' dir='ltr'><strong>mater</strong></span> <span class='ocrx_word' id='word_1_177' title='bbox 758 3970 819 4043; x_wconf 91' lang='lat' dir='ltr'><strong>illa,</strong></span> <span class='ocrx_word' id='word_1_178' title='bbox 836 3990 910 4047; x_wconf 85' lang='lat' dir='ltr'><strong>quae,</strong></span> <span class='ocrx_word' id='word_1_179' title='bbox 926 3969 993 4029; x_wconf 86' lang='lat' dir='ltr'><strong>aliis</strong></span> <span class='ocrx_word' id='word_1_180' title='bbox 1002 3970 1140 4030; x_wconf 88' lang='lat' dir='ltr'><strong>decenter</strong></span> <span class='ocrx_word' id='word_1_181' title='bbox 1152 3937 1323 4070; x_wconf 81' lang='lat' dir='ltr'><strong>composita,</strong></span> 
     </span>
     <span class='ocr_line' id='line_1_46' title="bbox 324 4050 803 4129; baseline 0.007 -23"><span class='ocrx_word' id='word_1_182' title='bbox 324 4050 421 4107; x_wconf 90' lang='lat' dir='ltr'><strong>reddit</strong></span> <span class='ocrx_word' id='word_1_183' title='bbox 442 4071 562 4109; x_wconf 86' lang='lat' dir='ltr'><strong>suavem</strong></span> <span class='ocrx_word' id='word_1_184' title='bbox 577 4051 803 4129; x_wconf 85' lang='lat' dir='ltr'><strong>symphoniam,</strong></span> 
     </span>
     <span class='ocr_line' id='line_1_47' title="bbox 244 4128 1050 4205; baseline 0.005 -19"><span class='ocrx_word' id='word_1_185' title='bbox 244 4128 347 4198; x_wconf 81' lang='lat' dir='ltr'><strong>Qua</strong></span> <span class='ocrx_word' id='word_1_186' title='bbox 323 4150 388 4188; x_wconf 88' lang='lat' dir='ltr'><strong>s1ne</strong></span> <span class='ocrx_word' id='word_1_187' title='bbox 401 4140 508 4190; x_wconf 90' lang='lat' dir='ltr'><strong>cuncta</strong></span> <span class='ocrx_word' id='word_1_188' title='bbox 521 4133 599 4190; x_wconf 89' lang='lat' dir='ltr'><strong>fiunt</strong></span> <span class='ocrx_word' id='word_1_189' title='bbox 612 4133 738 4205; x_wconf 87' lang='lat' dir='ltr'><strong>dissona,</strong></span> <span class='ocrx_word' id='word_1_190' title='bbox 752 4152 867 4191; x_wconf 85' lang='lat' dir='ltr'><strong>necnon</strong></span> <span class='ocrx_word' id='word_1_191' title='bbox 882 4139 913 4191; x_wconf 91' lang='lat' dir='ltr'><strong>et</strong></span> <span class='ocrx_word' id='word_1_192' title='bbox 925 4132 1050 4204; x_wconf 81' lang='lat' dir='ltr'><strong>frivola3</strong></span> 
     </span>
     <span class='ocr_line' id='line_1_48' title="bbox 244 4210 989 4286; baseline 0.001 -17"><span class='ocrx_word' id='word_1_193' title='bbox 244 4210 378 4280; x_wconf 84' lang='lat' dir='ltr'><strong>Quacum</strong></span> <span class='ocrx_word' id='word_1_194' title='bbox 392 4213 492 4272; x_wconf 91' lang='lat' dir='ltr'><strong>omnia</strong></span> <span class='ocrx_word' id='word_1_195' title='bbox 504 4214 582 4270; x_wconf 87' lang='lat' dir='ltr'><strong>fiunt</strong></span> <span class='ocrx_word' id='word_1_196' title='bbox 602 4233 738 4286; x_wconf 88' lang='lat' dir='ltr'><strong>consona,</strong></span> <span class='ocrx_word' id='word_1_197' title='bbox 752 4234 866 4273; x_wconf 90' lang='lat' dir='ltr'><strong>necnon</strong></span> <span class='ocrx_word' id='word_1_198' title='bbox 880 4214 989 4286; x_wconf 89' lang='lat' dir='ltr'><strong>utilia;</strong></span> 
     </span>
     <span class='ocr_line' id='line_1_49' title="bbox 244 4290 1169 4371; baseline 0.002 -22"><span class='ocrx_word' id='word_1_199' title='bbox 244 4290 310 4363; x_wconf 86' lang='lat' dir='ltr'><strong>Qua</strong></span> <span class='ocrx_word' id='word_1_200' title='bbox 326 4293 412 4368; x_wconf 89' lang='lat' dir='ltr'><strong>justi,</strong></span> <span class='ocrx_word' id='word_1_201' title='bbox 427 4293 502 4351; x_wconf 91' lang='lat' dir='ltr'><strong>bene</strong></span> <span class='ocrx_word' id='word_1_202' title='bbox 515 4295 631 4366; x_wconf 87' lang='lat' dir='ltr'><strong>morati,</strong></span> <span class='ocrx_word' id='word_1_203' title='bbox 646 4295 704 4352; x_wconf 87' lang='lat' dir='ltr'><strong>rite</strong></span> <span class='ocrx_word' id='word_1_204' title='bbox 717 4301 852 4371; x_wconf 88' lang='lat' dir='ltr'><strong>petentes</strong></span> <span class='ocrx_word' id='word_1_205' title='bbox 865 4295 980 4352; x_wconf 85' lang='lat' dir='ltr'><strong>excelsa</strong></span> <span class='ocrx_word' id='word_1_206' title='bbox 992 4293 1053 4370; x_wconf 90' lang='lat' dir='ltr'><strong>poli</strong></span> <span class='ocrx_word' id='word_1_207' title='bbox 1067 4293 1169 4365; x_wconf 87' lang='lat' dir='ltr'><strong>sidera,</strong></span> 
     </span>
     <span class='ocr_line' id='line_1_50' title="bbox 242 4372 1099 4434; baseline 0.006 -5"><span class='ocrx_word' id='word_1_208' title='bbox 242 4372 366 4430; x_wconf 81' lang='lat' dir='ltr'><strong>Alacres</strong></span> <span class='ocrx_word' id='word_1_209' title='bbox 376 4374 536 4433; x_wconf 86' lang='lat' dir='ltr'><strong>decantant</strong></span> <span class='ocrx_word' id='word_1_210' title='bbox 550 4395 627 4434; x_wconf 80' lang='lat' dir='ltr'><strong>nova</strong></span> <span class='ocrx_word' id='word_1_211' title='bbox 640 4376 757 4433; x_wconf 89' lang='lat' dir='ltr'><strong>cantica</strong></span> <span class='ocrx_word' id='word_1_212' title='bbox 769 4376 803 4433; x_wconf 92' lang='lat' dir='ltr'><strong>in</strong></span> <span class='ocrx_word' id='word_1_213' title='bbox 816 4374 931 4434; x_wconf 85' lang='lat' dir='ltr'><strong>cithara</strong></span> <span class='ocrx_word' id='word_1_214' title='bbox 944 4373 1079 4433; x_wconf 80' lang='lat' dir='ltr'><strong>Threicia</strong></span> <span class='ocrx_word' id='word_1_215' title='bbox 1092 4396 1099 4434; x_wconf 92' lang='lat'><strong>:</strong></span> 
     </span>
     <span class='ocr_line' id='line_1_51' title="bbox 245 4452 1258 4534; baseline 0.004 -24"><span class='ocrx_word' id='word_1_216' title='bbox 245 4452 378 4524; x_wconf 84' lang='lat' dir='ltr'><strong>Quorum</strong></span> <span class='ocrx_word' id='word_1_217' title='bbox 391 4463 512 4532; x_wconf 80' lang='lat' dir='ltr'><strong>agentes</strong></span> <span class='ocrx_word' id='word_1_218' title='bbox 524 4458 607 4529; x_wconf 83' lang='lat' dir='ltr'><strong>festa,</strong></span> <span class='ocrx_word' id='word_1_219' title='bbox 623 4456 770 4516; x_wconf 85' lang='lat' dir='ltr'><strong>consortia</strong></span> <span class='ocrx_word' id='word_1_220' title='bbox 783 4475 950 4515; x_wconf 87' lang='lat' dir='ltr'><strong>mereamur</strong></span> <span class='ocrx_word' id='word_1_221' title='bbox 963 4456 996 4514; x_wconf 93' lang='lat' dir='ltr'><strong>in</strong></span> <span class='ocrx_word' id='word_1_222' title='bbox 1009 4455 1118 4514; x_wconf 71' lang='lat' dir='ltr'><strong>calesti</strong></span> <span class='ocrx_word' id='word_1_223' title='bbox 1130 4456 1235 4534; x_wconf 75' lang='lat' dir='ltr'><strong>patria</strong></span> <span class='ocrx_word' id='word_1_224' title='bbox 1256 4493 1258 4502; x_wconf 73' lang='lat'>‚</span> 
     </span>
    </p>
   </div>
   <div class='ocr_carea' id='block_1_4' title="bbox 0 0 1460 4904">
    <p class='ocr_par' dir='ltr' id='par_1_15' title="bbox 0 0 1460 4904">
     <span class='ocr_line' id='line_1_52' title="bbox 0 0 1460 4904; baseline 0 5"><span class='ocrx_word' id='word_1_225' title='bbox 0 0 1460 4904; x_wconf 95' lang='lat' dir='ltr'><strong> </strong></span> 
     </span>
    </p>
   </div>
  </div>
 </body>
</html>
