2910 4904
497 266 607 333 Misso
627 266 667 332 de
688 266 837 332 Nomine
856 267 949 334 Jesu.

475 433 605 494 Simonis
618 433 764 506 navicula,

514 514 587 573 Filii
600 514 734 572 tunicula

516 595 565 653 Ne
575 595 728 653 scindatur
740 595 872 672 prohibe.

476 687 587 750 Portus
600 688 815 765 navigantium,

517 769 623 827 Preces
637 769 868 846 supplicantium

519 849 667 908 Filiorum
680 850 795 928 suscipe
804 871 815 925 3

479 943 638 1002 Consolsre
652 942 774 1016 flebiles,

518 1024 540 1083 J
542 1043 601 1081 uva
613 1023 824 1101 pusillanimes,

519 1105 561 1162 Et
574 1111 705 1162 errantes
719 1105 839 1182 corrige.

481 1199 554 1269 Quae
568 1197 666 1255 Deum
680 1197 850 1257 hominibus

520 1278 562 1335 Et
575 1278 635 1336 ima
648 1278 813 1337 caelestibus

520 1359 542 1418 J
544 1359 640 1436 ungis,
655 1359 681 1417 Ο
695 1378 858 1436 puerpera3

481 1452 618 1510 Haereses
631 1452 778 1525 interime,

523 1533 687 1591 Schismata
700 1538 736 1590 tu
749 1534 873 1607 destina,

523 1612 625 1673 Firma
633 1614 714 1692 pacis
723 1614 839 1675 foedera
873 1614 981 1675 Amen

516 1887 618 1946 Missi
636 1904 679 1947 nn
699 1888 831 1948 Nonius
851 1889 957 1951 Jesu*

200 2060 385 2143 [damasque
407 2061 482 2120 lione
506 2060 632 2118 Missam
655 2062 691 2119 de
715 2059 842 2120 Nomine
863 2060 938 2122 Jesu
964 2061 1060 2122 denote
1081 2062 1272 2135 samaria
1295 2060 1332 2120 ccl

138 2142 390 2219 celebrerifhcerit,
405 2143 449 2200 vel
461 2142 599 2215 sudarit,
613 2141 725 2200 latetis
739 2163 796 2219 pro
810 2143 936 2218 quolibet
949 2144 1046 2203 Missa
1059 2144 1119 2203 ἡνία
1134 2143 1234 2203 mitia
1251 2164 1332 2201 aare

138 2246 208 2284 rum
220 2223 409 2301 iedutjeatiae
421 2244 442 2282 a
454 2223 583 2282 Domino
593 2243 679 2300 popa
698 2222 854 2299 Bonifatio
868 2234 993 2300 quarta·
1013 2233 1040 2284 et
1053 2225 1196 2286 liebertus
1213 2224 1332 2283 Heliam

139 2307 287 2383 episcopus
314 2303 515 2365 Solsberieasis
536 2304 569 2362 iu
592 2304 704 2363 castello
726 2325 778 2363 seeo
800 2306 835 2363 de
856 2304 1052 2378 Sclerubeau,
1073 2307 1133 2365 cios
1160 2306 1209 2365 die
1235 2305 1333 2364 amisis

139 2385 166 2444 J
164 2387 221 2445 alii
235 2407 313 2445 anuo
323 2385 447 2444 Domini
456 2386 496 2443 M
494 2384 544 2446 00
546 2384 571 2444 0
573 2384 634 2444 ΟΧ
633 2384 655 2442 I
653 2431 660 2445 .
672 2387 807 2444 concessit
816 2386 949 2445 omatibus
956 2407 1018 2446 cere
1028 2387 1161 2447 metrias
1170 2396 1197 2446 et
1207 2386 1334 2463 massaris

140 2469 177 2526 cl.
196 2467 467 2631 dies]iudulpentiae
487 2467 589 2526 totiens
608 2467 747 2543 quotiens,
764 2468 913 2546 perpetuis
934 2468 1110 2547 temporibus
1128 2469 1335 2528 duraturos-

203 2641 343 2717 Officium.

203 2723 243 2781 In
255 2722 376 2781 nomine
389 2721 512 2781 Domini
526 2720 548 2779 J
548 2741 600 2779 esu
613 2739 700 2779 omne
713 2740 791 2798 genu
804 2722 943 2781 flectatur
962 2722 1131 2798 caelestium,
1146 2723 1337 2793 terrestrium,

143 2812 174 2862 et
187 2804 388 2862 infernorum:
408 2809 440 2862 ct
454 2803 550 2861 omnis
563 2802 665 2879 lingua
679 2804 863 2876 confiteatur,
879 2804 950 2880 quia
968 2803 1116 2864 Dominus
1135 2811 1239 2863 noster
1255 2804 1339 2863 Jesus

144 2885 280 2943 Christus
293 2885 326 2940 in
339 2884 433 2961 gloria
446 2889 491 2942 cst
504 2883 562 2941 Dei
576 2883 682 2942 Patris

203 2980 349 3038 Pserimos.

206 3062 339 3119 Laudato
365 3059 537 3135 Dominum,
566 3061 637 3138 quia
662 3061 758 3119 bonus
785 3061 951 3121 Dominus:
984 3062 1102 3140 psallite
1128 3061 1245 3141 pomini
1270 3062 1340 3139 ejus,

146 3143 286 3218 quoniam
299 3161 398 3201 suave.

209 3240 319 3300 Oratio.

207 3319 296 3394 Deus,
319 3320 373 3397 qui
393 3320 635 3398 gloriosissimum
655 3341 764 3379 nomen
786 3322 861 3382 Jesu
879 3321 1000 3395 Christi,
1015 3321 1177 3399 Unigeniti
1193 3322 1268 3381 Filii
1289 3320 1342 3391 tui,

147 3403 244 3460 fecisti
271 3402 406 3460 fidelibus
433 3402 494 3460 tuis
521 3422 642 3460 summae
670 3404 826 3461 suavitatis
852 3405 960 3463 affectu
987 3404 1122 3477 amabile,
1151 3410 1183 3462 ct
1209 3402 1344 3479 malignis
1376 3399 1378 3402 ¹

148 3483 300 3560 spiritibus
319 3483 508 3541 tremendum
521 3503 555 3541 sc
568 3483 719 3557 terribile3
739 3485 863 3544 concede
883 3485 1038 3562 propitius,
1052 3491 1089 3543 ut
1105 3504 1207 3543 omnes
1220 3484 1274 3561 qui
1292 3482 1344 3541 hoc

148 3583 255 3621 nomen
274 3565 381 3622 devote
399 3573 579 3622 venerantur
596 3566 629 3623 in
646 3565 742 3637 terris,
762 3573 870 3624 sanctae
888 3566 1095 3624 consolationis
1112 3566 1296 3625 dulcedinem
1315 3564 1343 3621 iu

148 3646 287 3722 praesenti
300 3645 472 3722 percipiant,
488 3651 518 3702 et
531 3646 564 3702 in
578 3647 679 3704 futuro
692 3646 834 3722 gaudium
854 3647 1063 3707 exsultationis
1076 3655 1107 3705 et
1117 3644 1345 3705 interminsbilis

145 3726 334 3803 jubilationis
348 3726 510 3786 obtineant.
553 3726 613 3785 Per
625 3727 760 3786 eundem.

209 3824 306 3884 Lectio
319 3824 448 3882 Ascuam
461 3823 666 3900 Apostolmum
679 3825 735 3901 (iv.
751 3826 846 3904 8-12)

211 3906 250 3963 In
274 3905 376 3963 diebus
399 3905 468 3978 illis,
494 3905 603 3966 Petrus
625 3907 757 3984 repletus
781 3907 896 3986 Spiritu
923 3907 1032 3967 Sancto
1054 3924 1146 3984 suqcee
1167 3908 1211 3965 ad
1233 3906 1268 3965 in
1290 3922 1345 3983 quo

150 3993 285 4063 oporteat
297 4006 351 4046 nos
364 3986 460 4045 salvos
473 3985 545 4044 fieri.

213 4084 347 4145 Grodole.

212 4166 377 4224 Constituit
397 4164 480 4225 Deus
493 4167 585 4224 Pater
597 4166 635 4224 ad
649 4167 802 4226 dexterum
820 4188 905 4227 suam
924 4168 1079 4228 Christum
1091 4167 1115 4226 J
1114 4186 1200 4227 esum
1212 4167 1247 4227 in
1259 4164 1347 4227 coelct·

151 4246 233 4304 tibus
252 4267 341 4326 supra
361 4267 479 4306 omnem
498 4247 706 4325 principatum,
728 4255 914 4327 potestatem,
928 4255 960 4308 et
979 4249 1124 4307 uirtutem
1144 4254 1176 4309 ct
1195 4244 1348 4308 dominati·

322 4418 334 4444 ¹
350 4417 403 4465 MS.
415 4417 556 4465 R-Mrsss
570 4427 604 4463 nn
619 4416 808 4464 Vsusmnous
823 4428 967 4464 usnnmur
982 4416 1101 4464 Nounrrs
1115 4416 1189 4464 tusc.
