2910 4904
395 271 444 335 Ia
459 269 777 337 Oorautcmorctioac
791 276 914 336 soactce
932 269 1058 339 Crucis.
1258 276 1321 340 159

185 436 331 495 Pcclmua

185 516 335 594 Exsurget
351 518 433 575 Deus
453 522 484 575 et
501 517 682 595 dissipentur
699 517 814 576 inimici
832 518 912 594 ejus:
933 524 964 576 ct
984 517 1102 595 fugiant
1123 519 1175 596 qui
1196 519 1322 579 oderunt

124 617 193 657 eum
207 619 225 656 a
237 599 311 656 facie
327 599 398 674 ejus.

186 680 289 738 Gloria
301 680 334 736 in
347 677 476 737 excelsis.

185 770 344 928 gidiioilui
365 851 452 909 corda
474 852 606 909 fidelium
629 851 731 910 Sancti
753 852 883 929 Spiritus
907 853 1106 912 illustratione
1129 853 1262 926 docuisti,
1284 853 1323 911 da

125 933 210 990 nobis
236 933 269 990 in
293 933 393 989 eodem
416 932 530 1007 Spiritu
557 939 637 990 recta
660 953 769 1009 sapere,
793 934 881 990 etde
904 937 968 1012 ejus
988 954 1102 1011 semper
1125 935 1323 992 consolatione

125 1014 259 1091 gaudere.
302 1013 361 1070 Per
374 1013 544 1070 Dominum.
588 1013 627 1070 In
642 1014 758 1071 unitate
772 1015 909 1090 ejusdem

184 1106 281 1164 Lectio
294 1105 425 1163 Actuam
437 1105 641 1181 Apostolorum
654 1106 733 1183 (ciii.
752 1106 866 1185 14-17).

186 1187 226 1244 In
240 1187 342 1244 diebus
355 1186 423 1256 illis,
440 1186 515 1244 Oum
529 1187 681 1244 audissent
697 1186 821 1263 apostoli
835 1188 887 1264 qui
907 1194 992 1246 erant
1013 1189 1238 1265 Hierosolymis,
1252 1188 1323 1266 quia

124 1269 281 1344 recepisset
294 1267 427 1324 Samaria
440 1267 585 1342 usquead
600 1273 631 1324 et
644 1267 826 1344 accipiebant
841 1269 987 1345 Spiritum
1002 1270 1152 1329 Sanctum

187 1359 323 1418 Gradclc.

185 1441 280 1498 Beata
299 1459 370 1516 gens
391 1440 474 1516 cujus
495 1446 540 1498 est
560 1439 707 1498 Dominus
726 1441 808 1499 Deus
831 1461 950 1501 eorum:
974 1443 1101 1519 populus
1123 1462 1211 1519 quem
1233 1442 1324 1520 elegit

127 1522 275 1581 Dominus
289 1522 321 1577 in
335 1521 526 1578 hereditatem
541 1521 604 1578 sibi.

133 1602 161 1662 V.
186 1603 290 1659 Verbo
309 1601 431 1659 Domini
450 1603 513 1659 caeli
530 1602 640 1659 firmati
656 1607 744 1660 sunt:
765 1608 796 1660 et
818 1603 932 1679 Spiritu
953 1603 1013 1661 oris
1033 1605 1097 1680 ejus
1118 1602 1213 1661 omnis
1226 1602 1324 1662 virtus
1352 1622 1358 1632 ·

128 1702 336 1839 eoruEleluya
384 1763 414 1822 V.
436 1763 526 1834 Veni,
545 1764 652 1821 Sancte
670 1763 808 1839 Spiritus,
827 1764 908 1841 reple
926 1770 1047 1822 tuorum
1064 1765 1152 1823 corda
1171 1764 1324 1824 fidelium:

128 1849 159 1903 et
171 1845 218 1903 tui
230 1845 339 1902 amoris
352 1845 385 1902 in
399 1844 441 1901 eis
455 1845 551 1920 ignem
566 1844 696 1904 accende.

184 1937 348 2013 Sequentia.
391 1937 481 2010 Veni,
492 1937 598 1996 Sancte
611 1937 748 2013 Spiritus,
764 1957 858 2014 quare
871 1938 906 1996 ia
924 1938 1033 2015 Viqilio
1046 1938 1211 1999 Trinitatis.

186 2031 275 2088 Euam
294 2030 390 2088 elium.

186 2110 227 2168 In
253 2051 307 2167 ilio
328 2118 466 2186 tempore,
492 2110 582 2168 Dixit
605 2110 694 2169 Jesus
717 2110 868 2187 discipulis
891 2111 953 2170 suis
963 2131 973 2186 3
1002 2111 1124 2188 Siquis
1147 2111 1246 2190 diligit
1266 2131 1323 2187 me,

128 2211 223 2269 quaerc
236 2191 271 2248 ia
284 2192 330 2249 die
342 2192 524 2250 Pentecostca

189 2284 382 2359 offertorium.
426 2283 574 2341 confirma
588 2283 650 2351 hoc,
664 2283 754 2341 Deus.

183 2364 307 2424 Secreta.
350 2364 485 2436 Munera,
498 2383 672 2440 quaesumus,
689 2363 824 2422 Domine.

186 2445 339 2518 Praefatio.
383 2445 443 2514 Qui
456 2445 621 2502 ascendens.

189 2525 371 2586 Communia
415 2524 523 2583 Factus
536 2533 581 2583 cst
595 2530 723 2600 repente.

187 2605 430 2668 Poatcommaaio.
473 2605 576 2664 Sancti
589 2605 727 2681 Spiritus,
742 2605 878 2665 Domine.

411 2873 450 2932 In
471 2873 760 2932 Oonnmomrronr
781 2886 902 2930 sarcre
922 2869 1045 2929 Caucis.

193 2983 334 3059 Officium.

190 3064 257 3123 Nos
270 3068 370 3121 autem
383 3061 503 3138 gloriari
516 3064 632 3136 oportet
645 3059 677 3116 in
694 3077 778 3117 cruce
797 3058 921 3116 Domini
937 3057 1033 3115 nostri
1049 3057 1072 3116 J
1072 3075 1123 3114 esu
1146 3054 1274 3114 christi:
1294 3056 1328 3114 in

129 3165 190 3226 quo
213 3151 258 3203 cst
279 3144 366 3217 salus,
377 3145 441 3200 vita
463 3148 493 3200 et
514 3140 688 3199 resurrectio
710 3145 831 3198 nostra:
861 3159 914 3216 per
932 3158 1020 3216 quem
1037 3138 1145 3196 salvati
1161 3143 1193 3196 et
1209 3136 1328 3196 liberati

130 3246 241 3287 sumus

191 3305 235 3365 Ia
249 3314 371 3382 tempore
382 3303 529 3377 Pascltoli,
542 3302 692 3379 Alleluya,
708 3301 841 3378 alleluya.

191 3398 340 3458 Probinus.

191 3480 277 3538 Deus
294 3479 466 3536 misereatur
482 3476 577 3534 nostri
597 3480 628 3532 et
649 3473 802 3532 benedicat
823 3473 925 3533 nobis:
946 3472 1096 3532 illuminet
1109 3471 1228 3532 vultum
1240 3492 1328 3532 suum

134 3581 223 3642 super
237 3579 299 3632 nos,
315 3566 345 3617 et
358 3558 531 3617 misereatur
543 3556 645 3614 nostri.

192 3643 265 3701 Nou
278 3641 387 3700 dicitur
401 3639 502 3698 Gloria
514 3639 548 3695 in
560 3635 682 3695 excelsis
695 3636 769 3694 Deo.

193 3740 354 3896 iiiiflur
377 3816 523 3895 unigeniti
545 3815 616 3873 run
639 3815 685 3872 tus
707 3814 831 3873 nomas
858 3813 953 3872 nostri
974 3814 1048 3873 Jesu
1072 3814 1185 3874 omae
1204 3813 1331 3890 pretioso

133 3902 277 3980 sanguine
295 3899 419 3957 vivificae
441 3898 535 3956 crucis
557 3896 702 3955 vexillum
723 3896 904 3954 sanctificare
925 3895 1066 3954 voluisti:
1095 3896 1228 3968 concede,
1251 3914 1332 3971 quae·
1428 3903 1434 3909 “

133 4003 244 4054 sumus,
260 3981 368 4057 eosqui
382 3979 512 4056 ejusdem
526 3984 634 4036 sanctae
648 3977 742 4035 crucis
755 3977 886 4054 gaudent
898 3977 1018 4052 honore,
1031 3982 1085 4035 tua
1094 3995 1209 4054 quoquc
1221 3975 1332 4052 ubique

129 4064 317 4144 protectione
328 4062 461 4138 gaudere
504 4059 562 4118 Per
575 4059 707 4117 eundem.

193 4156 243 4214 Ad
256 4154 459 4230 Philippenses
471 4151 520 4228 (ii
537 4151 632 4230 8-11).

195 4237 336 4295 litatres:
360 4233 495 4292 Christus
514 4233 609 4290 factus
631 4236 676 4290 est
694 4249 747 4307 pro
766 4231 852 4289 nobis
869 4231 1006 4290 obediens
1027 4249 1120 4307 usque
1141 4229 1179 4288 ad
1197 4235 1333 4302 mortem,

132 4326 261 4379 mortem
273 4321 376 4375 autem
389 4314 483 4372 crucis
495 4333 585 4391 usque
602 4313 643 4373 ad
665 4312 735 4389 quia
751 4312 898 4372 Dominus
914 4319 1015 4374 noster
1035 4312 1056 4371 J
1058 4330 1124 4372 esus
1145 4311 1281 4371 Christus
1301 4311 1334 4369 in

127 4400 287 4480 gloriaest
301 4396 362 4457 Dei
375 4395 481 4456 Patris.
