2910 4904
593 273 689 338 Festa
702 273 803 339 Mati.
1259 281 1301 343 33

163 441 274 499 Oratio.

159 523 251 593 Deus,
266 522 319 598 qui
331 541 385 579 nos
399 541 498 579 annua
517 521 717 597 apostolorum
738 528 860 578 tuorum
879 520 1012 599 Philippi
1025 529 1055 580 et
1068 523 1175 581 Jacobi
1188 522 1302 582 sollem-

93 603 194 661 nitate
207 603 356 675 laetificas;
376 610 492 679 praesta,
503 622 679 678 quaesumus,
691 608 726 660 ut
740 622 867 678 quorum
880 603 1041 680 gaudemus
1054 605 1176 675 meritis,
1191 606 1301 663 instru-

96 703 186 742 amur
199 684 351 760 exemplis.
396 684 461 740 Per.

160 777 258 834 Lectio
272 777 342 834 libri
354 775 507 852 Sapientia
520 775 562 852 (c.
582 777 655 852 1-5).

160 856 293 915 Stabunt
315 858 392 934 justi
418 858 451 914 in
479 877 585 934 magna
611 858 779 914 constantia
806 877 896 932 itaque
923 860 964 916 cd
987 859 1067 916 inter
1095 866 1210 916 sanctos
1237 879 1299 918 sors

96 938 218 997 illorum
232 945 284 996 est.

159 1019 309 1095 Alleluya.
358 1019 387 1078 V.
410 1019 540 1076 Stabunt
549 1018 634 1093 justi,
649 1020 684 1076 ie
698 1017 857 1077 Communi
864 1019 1067 1094 plurimorum
1081 1029 1255 1096 martyrum.
1360 1071 1362 1076 .

159 1100 309 1176 Alleluya.
358 1101 387 1158 V.
410 1101 458 1157 Ite
472 1101 618 1170 nuntiate,
633 1121 728 1174 quaere
740 1101 775 1157 ia
788 1101 871 1159 Festo
884 1101 980 1159 sancti
992 1103 1031 1158 M
1029 1103 1091 1160 arci
1104 1102 1299 1177 cramalium

96 1181 142 1238 vel
153 1183 190 1238 de
203 1181 385 1252 decessione,
400 1181 427 1238 ai
441 1190 553 1257 tempas
565 1182 693 1256 cacycvit.

158 1261 325 1337 Sequentia.
367 1262 508 1336 Alleluya
521 1282 601 1319 nunc
615 1263 796 1333 decantetur,
811 1273 845 1319 ut
859 1263 893 1320 ia
908 1261 1065 1323 Communi
1074 1264 1277 1341 opoatoloruoc.

158 1354 327 1414 Statuam
340 1354 367 1410 J
365 1356 506 1414 chanaam
519 1355 592 1433 (cciv.
612 1355 711 1431 1-13).

160 1436 200 1493 In
227 1436 280 1493 illo
303 1444 444 1513 tempore,
470 1437 559 1493 Dixit
586 1436 849 1513 Jesuediscipulis
876 1438 955 1496 suis:
985 1438 1056 1495 Non
1083 1439 1222 1496 turbetur
1249 1458 1299 1497 cor

94 1523 232 1576 vestrum
247 1538 338 1592 usqae
352 1519 392 1576 ad
405 1518 460 1576 hoc
473 1518 585 1575 faciam.

159 1599 264 1657 Credo,

160 1678 352 1753 Offertorium.
396 1680 631 1751 Confitebuntur,
647 1699 741 1754 quiere
754 1679 788 1736 tc
801 1680 885 1738 Festo
898 1681 994 1739 sancti
1008 1679 1140 1756 Georqii„

158 1760 282 1818 Secreta.

159 1841 297 1911 Munera,
312 1841 449 1912 Domine,
464 1861 529 1917 quae
550 1861 604 1917 pro
625 1842 826 1916 apostolorum
849 1848 970 1900 tuorum
991 1842 1124 1919 Philippi
1138 1848 1169 1900 et
1189 1844 1296 1903 Jacobi

92 1922 297 1981 sollemnitate
311 1923 480 1994 deferimus,
495 1922 642 1999 propitius
656 1923 787 1999 suscipe,
809 1931 839 1980 et
860 1924 939 1981 mala
957 1924 1057 1981 omnia
1070 1943 1136 1999 quae
1150 1944 1298 1983 meremur

93 2010 207 2062 averte.
251 2004 317 2060 Per.
394 2032 398 2043 .
544 2043 549 2052 -

157 2083 311 2160 Praefatio.
354 2084 395 2141 Et
412 2091 451 2155 te,
468 2083 604 2154 Domine,
619 2083 799 2160 suppliciter.

158 2164 341 2224 ommacio.

156 2247 254 2305 Tanto
268 2253 400 2322 tempore
413 2246 564 2303 vobiscum
585 2265 659 2316 sum,
675 2252 705 2302 et
718 2265 779 2302 non
800 2245 978 2322 cognovistis
997 2267 1053 2317 me,
1069 2246 1207 2324 Philippa
1218 2269 1233 2319 ε’
1245 2249 1298 2324 qui

93 2328 179 2385 videt
193 2348 249 2399 me,
260 2329 344 2385 videt
358 2335 388 2384 et
402 2327 531 2397 Patrem,
543 2327 688 2403 alleluya:
708 2347 769 2385 non
783 2328 877 2385 credis
891 2330 961 2404 quia
974 2330 1007 2385 in
1022 2328 1112 2386 Patre
1122 2334 1153 2391 et
1167 2328 1299 2386 Peterin

92 2429 142 2467 me
157 2415 212 2480 est,
228 2409 364 2485 alleluya,
379 2409 513 2485 alleluya.

156 2499 421 2560 Postcommctaio.*

157 2583 342 2655 Quaesumus,
371 2583 508 2653 Domine,
530 2582 709 2641 salutaribus
730 2582 836 2658 repleti
857 2581 1014 2657 mysteriis,
1034 2588 1069 2639 ut
1095 2602 1221 2658 quorum
1242 2582 1298 2639 sol-

91 2665 205 2722 lemnia
219 2665 410 2735 celebramuS,
425 2685 527 2721 eorum
541 2663 818 2723 intercessionibus†
832 2664 1014 2740 adjuvemur.
1058 2663 1116 2722 Per
1133 2664 1298 2721 Dominum

93 2752 239 2803 nostrum.

287 2906 328 2962 Iu
348 2906 540 2962 Iuvssrrouu
561 2921 682 2964 sarcre
702 2905 825 2963 Oauc1s.
870 2904 910 2984 (v.
927 2904 1006 2963 Non.
1021 2904 1109 2982 Mai.)

155 3035 298 3110 Officium.

152 3117 219 3174 Nos
238 3123 340 3173 autem
360 3115 480 3192 gloriari
501 3120 618 3190 oportet
637 3115 670 3173 in
691 3136 774 3173 cruce
795 3116 920 3173 Domini
931 3115 1027 3173 nostri
1036 3117 1111 3174 Jesu
1125 3115 1246 3189 Christi,
1262 3118 1294 3174 in

88 3218 149 3276 quo
174 3204 220 3256 est
237 3198 324 3269 salus,
345 3198 417 3267 vita,
439 3203 470 3253 et
486 3196 660 3254 resurrectio
683 3203 791 3269 nostra,
807 3216 860 3273 per
881 3216 969 3273 quem
990 3197 1098 3254 salvati
1121 3205 1152 3254 et
1175 3198 1296 3255 liberati

88 3299 203 3350 sumus,
218 3278 355 3354 alleluya,
371 3277 506 3353 alleluya.

152 3359 298 3417 Pealocas.

151 3441 236 3499 Deus
255 3441 430 3497 misereatur
443 3439 544 3510 nostri,
560 3446 591 3496 et
603 3439 758 3497 benedicat
774 3440 877 3498 nobis:
898 3439 1048 3496 illuminet
1067 3439 1186 3496 vultum
1206 3459 1293 3496 suum

88 3541 254 3599 supernos
270 3528 301 3578 et
314 3523 488 3578 misereatur
500 3521 603 3578 nostri.

154 3602 265 3659 Oratio.

151 3684 243 3754 Deus,
269 3683 375 3759 quiin
402 3683 542 3759 praeclara
567 3682 727 3739 salutiferae
750 3682 843 3739 crucis
869 3682 1041 3739 inventione
1065 3683 1208 3758 passionis
1232 3689 1291 3739 tuae

88 3766 232 3822 miracula
245 3764 412 3822 suscitasti:
434 3764 557 3821 concede
571 3771 607 3820 ut
620 3764 721 3820 vitalis
734 3761 809 3840 ligni
829 3764 924 3839 pretio
939 3769 1055 3821 aeternae
1069 3765 1139 3821 vitae
1153 3764 1292 3840 suffragia

88 3865 311 3921 consequamur.
356 3846 416 3914 Qui
429 3845 514 3903 vivis.

151 3940 202 3998 Ac
218 3939 340 3997 Galatas
353 3939 395 4015 (v.
414 3940 501 3996 10-12
512 3961 520 4011 ;
540 3939 577 3998 ei.
596 3938 710 4016 12-14).

152 4022 270 4079 Fratres
284 4043 289 4079 :
312 4020 436 4078 Confido
450 4021 486 4078 de
500 4020 583 4090 vobis
596 4018 773 4091 inDomino
786 4039 877 4094 usquc
890 4020 931 4076 ad
944 4025 975 4076 et
988 4038 1041 4094 ego
1054 4020 1172 4076 mundo.

154 4152 165 4174 ²
182 4151 234 4195 MS.
242 4150 421 4196 D.-Paschale
430 4148 573 4209 mysterium
583 4152 735 4193 recensentes
747 4147 870 4193 beatorum
878 4148 1041 4205 apostolorum
1047 4150 1144 4193 tuorum
1154 4147 1291 4206 Philippiet

90 4210 184 4268 iacobi,
196 4210 306 4268 Domine,
316 4223 462 4269 quaesumus,
471 4208 583 4268 precibus
601 4208 731 4265 foveamur,
742 4221 843 4267 quorum
851 4207 1016 4264 magisterium
1026 4221 1142 4253 novemus
1157 4220 1291 4266 exsequen-

91 4270 294 4374 dumltspb‘edlum.

154 4405 167 4462 †
182 4402 439 4450 tiss—erationibus.

133 4494 202 4534 ΥΟΕ.
217 4495 250 4534 11.
