2910 4904
633 308 730 376 Festo
750 308 908 395 Aopuato’.

230 477 373 555 Epistola.
415 475 491 534 Ecce
504 476 646 535 sacerdos,

232 559 367 618 Gradere.
412 557 488 617 Ecce
504 558 645 617 sacerdos,

229 641 378 718 Alleluya.
428 641 457 699 V.
479 638 502 698 J
504 645 588 697 ustus
600 637 787 716 germinabit.

230 720 394 797 Sequentia.
436 721 534 780 Adest
546 721 639 792 nobis,
654 727 689 777 ot
702 719 736 777 ia
750 717 916 778 Oouursaar'.

228 801 434 879 Eoosnqeliam.
477 802 579 861 Homo
595 800 724 878 quidam.

231 882 427 957 Offirtorium.
469 883 599 941 Veritas.

230 962 412 1049 Commutatio.
454 965 592 1036 Domine,
608 963 747 1040 quinque.

418 1182 471 1239 An
491 1180 636 1240 Vnsount
656 1195 762 1238 sanum
783 1180 888 1240 Purra
933 1178 1016 1255 (Kal.
1032 1180 1127 1258 Aug.)

170 1409 199 1466 P
231 1325 371 1466 (Zfficiam.
415 1328 505 1387 Nunc
533 1328 593 1387 scio
616 1347 696 1402 vere,
718 1326 833 1404 requiro
856 1327 891 1386 ira
914 1327 999 1387 Festo
1022 1327 1218 1405 apostolorum
1239 1329 1329 1420 Paui-
1345 1340 1374 1392 el

198 1428 240 1466 oa

229 1498 395 1655 &Qum
414 1579 536 1637 beatum
558 1578 682 1637 Petrum
703 1578 869 1656 apostolum
888 1600 907 1636 a
927 1579 1034 1637 vinclis
1053 1579 1225 1638 absolutum
1243 1579 1372 1639 illaesum

169 1659 251 1718 abire
277 1660 373 1718 fecisti
384 1680 393 1733 3
426 1666 604 1732 nostrorum,
629 1679 804 1736 quaesumus,
824 1659 943 1718 absolve
971 1661 1091 1719 vincula
1117 1665 1313 1738 pcccatorum,
1339 1669 1371 1723 ct

169 1741 269 1799 omnia
281 1742 360 1799 mala
373 1762 391 1798 a
403 1741 490 1799 nobis
503 1741 682 1817 propitiatus
695 1740 826 1799 excludo.
870 1741 936 1799 Per.

229 1834 373 1893 Memorio
386 1835 421 1891 da
437 1834 628 1910 Moram-idua
705 1835 709 1841 ’

229 1916 374 1972 Fraterno
395 1933 458 1986 nos,
482 1914 618 1985 Domine,
641 1920 807 1991 martyrum
824 1921 944 1973 tuorum
966 1934 1073 1973 corona
1094 1914 1233 1989 laetificet,
1250 1935 1317 1993 quae
1338 1923 1371 1976 et

168 1996 366 2134 iddioiddidrae
388 1995 519 2072 praebeat
536 1995 729 2053 incitamenta
749 1997 906 2066 virtutum,
921 2001 951 2054 et
974 1995 1134 2073 multiplici
1153 2015 1208 2054 nos
1229 1997 1372 2075 suffragio

229 2169 371 2245 Epistola.
414 2168 502 2225 Misit
516 2169 658 2228 Herodes

231 2262 347 2320 Gradu
360 2306 366 2320 .
412 2262 582 2320 Constitues
596 2282 653 2320 eos.
1245 2298 1249 2303 -

228 2343 377 2420 Alleluya.
419 2343 449 2402 V.
472 2344 517 2400 Tu
528 2363 558 2402 es
569 2343 685 2416 Petrus,
694 2349 725 2401 et
735 2363 823 2420 super
832 2344 908 2402 hanc
919 2350 1034 2422 petram
1045 2344 1194 2403 aedificabo
1205 2346 1371 2405 Ecclesiam

169 2445 271 2483 meam.

227 2515 410 2595 Sequentia*

287 2613 378 2670 Nunc
392 2611 457 2669 luce
470 2610 547 2669 alma
561 2610 737 2687 splendescit
751 2631 804 2688 per
817 2612 918 2668 orbem
931 2611 993 2669 haec
1007 2612 1070 2670 dies
1083 2631 1148 2670 ecco
1160 2612 1299 2690 gloriosa,

287 2693 374 2750 Almi
387 2692 549 2750 recolamus
563 2692 647 2750 Petri
661 2712 732 2750 voce
745 2692 829 2750 celsa.

289 2774 451 2831 Gratanter
464 2773 598 2831 modulos
611 2773 810 2831 accommodet
824 2773 857 2829 in
871 2792 930 2849 qua

287 2854 447 2911 Vincentia
460 2873 589 2911 amorem
603 2855 640 2910 ob
654 2874 813 2930 supernum
828 2855 921 2911 crucis
936 2874 1023 2911 sacrae
1037 2860 1148 2931 tropaea

289 2935 455 3005 Meritum†
469 2934 651 3010 gloriamque
664 2934 836 3010 praelatam
849 2935 881 2992 in
896 2934 1006 2993 caelesti
1018 2936 1121 3012 gloria,

291 3015 348 3072 Pio
362 3015 449 3072 corde
462 3016 594 3072 fraterna
602 3014 770 3093 jubiletque
783 3022 891 3073 turma.

289 3095 349 3159 Qui
362 3115 380 3152 a
395 3095 513 3153 Christo
526 3097 639 3172 ligandi
652 3097 842 3173 solvendique
856 3097 933 3154 dona

287 3176 454 3252 Accipiens,
471 3177 599 3254 claviger
613 3177 741 3250 effectus,
757 3183 858 3236 nostra
871 3179 1019 3236 resolvens
1032 3178 1161 3251 anicula,

289 3257 478 3316 Sublevando
489 3258 606 3315 aetheris
620 3259 737 3316 sedibus
750 3265 897 3335 potestate
909 3279 964 3316 nos
977 3261 1097 3333 tradita,

287 3338 309 3396 J
312 3344 403 3415 ungat
417 3339 505 3397 coetui
518 3345 619 3396 sancto
633 3340 761 3397 culmine
775 3341 808 3396 in
821 3342 882 3416 poli
895 3339 1089 3418 Paradisique
1101 3341 1230 3399 amoenia

288 3419 352 3477 Ubi
365 3420 469 3477 adorat
482 3421 552 3478 crdo
566 3426 605 3491 te,
622 3419 747 3493 Christe,
760 3421 910 3497 psallendo
924 3422 1094 3480 harmonica
1106 3441 1178 3480 voce
1191 3422 1305 3481 cantica

288 3501 377 3558 Nova
390 3507 558 3558 sanctorum
572 3501 772 3558 resonantium
788 3503 874 3559 laude
887 3502 1036 3579 angelicus
1049 3503 1173 3561 mellica.

287 3581 528 3658 Consupernam§
542 3584 727 3658 majestatem
741 3589 824 3640 tuam
838 3591 990 3659 poscentes
1003 3583 1158 3641 humiliter
1171 3584 1290 3657 almam,

288 3662 381 3739 Cujus
399 3663 488 3738 digna
509 3683 563 3721 nos
577 3683 645 3722 cum
667 3664 726 3720 illis
739 3684 908 3722 resonemus
932 3685 992 3722 una
1013 3664 1182 3741 rhythmica
1194 3665 1228 3722 in
1242 3666 1366 3725 excelsis

327 3763 465 3817 camma,

288 3824 462 3899 Calestique
479 3825 512 3881 in
532 3824 625 3902 gloria
644 3825 769 3882 Trinum
788 3831 877 3904 atque
895 3825 1002 3885 Unum
1015 3825 1130 3904 jugiter
1143 3846 1320 3887 veneremur
1332 3829 1365 3887 in

328 3924 406 3962 arva.

287 3987 371 4044 Celsa
385 3991 516 4062 potestas
529 3987 662 4062 angelica
676 4007 767 4045 ovans
780 3994 810 4045 te
824 3988 927 4046 laudat
940 3989 973 4045 in
986 3988 1081 4064 gloria
1092 4009 1100 4062 ;

286 4067 425 4125 Virtutes
439 4068 503 4124 caeli
516 4073 547 4126 te
560 4068 727 4144 glorificant
738 4088 791 4145 per
804 4075 890 4127 astra

224 4230 236 4252 ³*
252 4228 305 4272 MS.
318 4227 440 4272 A.-Oocli
450 4230 569 4272 enarrant.
601 4227 646 4273 Soe
656 4227 719 4272 infra
728 4229 852 4289 Sequentia
861 4229 886 4274 ia
898 4229 1012 4276 Communi
1021 4229 1179 4289 apostolorum

255 4299 287 4343 So
297 4298 416 4343 lloreford
425 4297 518 4343 Missul.
549 4298 622 4343 MSS.
634 4299 681 4342 and
692 4299 880 4345 Edu-Merito.

224 4371 237 4429 ‡
254 4371 287 4414 So
297 4370 350 4414 MS.
362 4370 389 4415 C.
420 4369 479 4414 Edd.
491 4369 538 4414 and
548 4369 620 4415 MSS.
633 4369 655 4413 D
667 4370 714 4414 and
725 4370 898 4429 F-pcrlatam.

225 4442 238 4498 ξ
255 4441 317 4486 This
326 4441 348 4486 is
357 4441 397 4487 thc
408 4441 507 4498 reading
517 4440 541 4485 of
552 4440 672 4486 Horcfcrd
683 4441 736 4486 MS.
748 4441 841 4489 Missal.
872 4441 933 4488 Edd.
944 4443 992 4488 and
1002 4442 1171 4489 usu-Hinc
1182 4456 1318 4503 supernam.
