2910 4904
547 257 643 321 Festa
664 255 853 320 Februarii.

161 425 298 482 Gradale.
342 425 465 481 Diffusa.

158 506 308 582 Alleluya
358 506 386 562 V.
411 504 511 582 Specie
525 512 584 562 tua.

158 586 361 662 anayeliam.
405 586 507 643 Simile
522 593 566 643 est
580 591 704 662 regnum
718 585 855 641 caelorum
869 584 967 642 decem
982 582 1156 662 virginibus.

160 666 352 741 Offertoriana.
397 667 575 739 Offerentur,
591 667 698 723 rainae.

160 749 341 807 Commaaio.
386 748 524 824 Quinque
538 747 705 824 prudentes

260 913 299 968 Is
320 913 563 970 Punlsrosrrous
585 929 689 969 suarm
712 912 838 969 Marum
870 909 933 990 '(iv.
956 912 1033 969 Non.
1053 910 1137 990 Feb)

500 1087 502 1090 <
561 1044 727 1102 Benedictio
741 1043 833 1118 Ipora,

159 1157 214 1238 [Ia
238 1158 447 1233 I’ara'ficatioao
472 1158 558 1216 beata
578 1157 686 1215 illaria
707 1167 774 1232 post
799 1157 933 1214 Pretiosa
952 1169 1092 1232 praesente
1118 1158 1210 1218 Crace
1234 1181 1301 1218 cant

92 1239 279 1314 ceroferariis
292 1249 318 1296 et
329 1239 475 1296 tllaribalo
486 1241 674 1314 impendatur
685 1239 839 1296 benedictio
850 1260 869 1294 a
880 1238 1030 1296 Sacerdote
1035 1239 1165 1313 faciente
1176 1242 1300 1314 officiata

93 1322 129 1377 ia
144 1321 212 1378 alba
232 1319 317 1395 Capa
337 1319 442 1377 tardato
464 1341 528 1377 cara
542 1321 611 1376 aliis
623 1321 805 1376 irritamentis
818 1319 1050 1377 sacerdotaliter.
1093 1319 1135 1377 Et
1149 1325 1209 1394 fiat
1223 1322 1300 1380 berie-

93 1403 186 1458 dictio
213 1401 249 1458 ia
274 1401 416 1475 ¹aradibus
443 1402 551 1457 samari
574 1401 688 1458 Altaria
711 1402 752 1456 ced
773 1410 909 1456 austrum
934 1421 1083 1457 conversas
1110 1401 1162 1458 boc
1189 1404 1298 1460 orclirce.

93 1484 260 1554 Poaaatar¹
269 1483 404 1539 carbones
418 1483 452 1538 ia
466 1481 621 1552 tltaribalo,
638 1491 663 1537 et
677 1482 720 1537 ita
735 1480 1056 1538 benedicantur—MS.
1073 1479 1124 1561 D]

158 1564 307 1621 Dominus
321 1564 479 1620 vobiscum.
524 1562 656 1619 Oremus.

159 1645 271 1702 Oratio.

158 1725 297 1789 Domine,
314 1724 420 1781 Sancte
435 1724 533 1796 Pater,
557 1725 743 1799 omnipotens
766 1729 874 1780 aeterne
896 1723 998 1795 Deus,
1028 1722 1256 1802 beneffldicere,
1270 1734 1301 1783 et

95 1804 321 1884 sanctifflficare
344 1806 472 1880 digneris
494 1806 593 1880 ignem
617 1805 717 1875 istum,
733 1824 820 1879 (prem
843 1824 896 1860 nos
919 1805 1035 1879 indigni
1053 1807 1228 1881 suscipimus
1248 1827 1302 1882 per

95 1888 316 1944 invocationem
331 1886 491 1962 Unigeniti
505 1887 576 1942 Filii
590 1887 637 1941 tui
651 1886 774 1942 Domini
788 1886 882 1941 nostri
896 1886 918 1943 J
919 1905 969 1941 esu
981 1885 1101 1955 Christi,
1113 1906 1199 1962 quem
1214 1888 1301 1945 hodie

95 1969 308 2045 praesentatum
333 1967 365 2022 in
390 1967 500 2042 templo
521 1968 636 2042 justum
660 1966 828 2023 Simeonem
852 1967 904 2022 diu
927 1973 1133 2042 expectantem
1159 1969 1191 2024 in
1215 1969 1301 2026 ulnas

95 2049 257 2125 suscepisse
277 2048 423 2119 novimus,
439 2055 469 2104 et
483 2048 621 2117 salutare
645 2053 732 2104 tuum
757 2052 826 2102 ante
852 2047 956 2103 faciem
977 2049 1110 2104 omnium
1124 2049 1301 2124 populorum

95 2150 158 2188 esse
178 2131 281 2186 lumen
309 2129 419 2185 scilicet
446 2129 583 2204 gentibus
608 2136 639 2184 et
662 2129 786 2203 gloriam
810 2128 891 2202 plebi
919 2134 977 2183 tuae
1006 2128 1106 2200 lsrael,
1129 2130 1300 2205 prophetico

94 2211 204 2287 spiritu
218 2210 358 2267 docuisse.
394 2210 444 2281 Te,
456 2209 631 2285 quaesumus
644 2209 780 2279 Domine,
793 2215 828 2264 ut
840 2206 1048 2286 beneffldicere
1058 2210 1188 2286 digneris
1199 2211 1299 2268 lumen

94 2292 186 2361 istud,
200 2298 231 2348 et
244 2291 383 2347 omnibus
407 2290 461 2347 hoc
485 2310 575 2346 uranu
599 2290 783 2366 gestantibus
809 2309 911 2345 verum
934 2289 1033 2346 lumen
1058 2297 1117 2347 tuae
1139 2293 1300 2366 majestatis

94 2373 228 2444 concede,
244 2379 280 2428 ut
293 2378 324 2428 te
342 2377 531 2446 agonoscentes
551 2391 603 2446 per
622 2372 701 2427 viam
720 2371 868 2426 virtutum
890 2371 928 2426 ad
946 2377 975 2426 te
994 2371 1113 2430 valeant
1133 2374 1294 2450 pervenire.

93 2454 154 2511 Per
167 2453 301 2510 eundem.
781 2467 783 2471 ·

518 2568 682 2626 Benedictio
708 2568 869 2626 Cerco-rara.

154 2730 320 2813 [Dicaatar
335 2731 486 2788 Orationes
507 2741 650 2805 sequentes
664 2730 725 2787 siae
739 2730 887 2786 Dominus
900 2729 1058 2786 vobiscum.
1102 2729 1159 2788 Sed
1181 2739 1296 2789 tantane

92 2835 160 2873 cant
174 2812 418 2871 Oremus.-MS.
436 2809 488 2891 D]

153 2895 284 2952 Domine
306 2893 328 2950 J
329 2913 380 2949 csu
395 2893 518 2960 Christe,
534 2893 586 2967 qui
604 2892 760 2966 illuminas
772 2910 889 2947 omnem
907 2890 1057 2948 hominem
1075 2892 1244 2949 venientem
1262 2894 1295 2950 iu

89 2977 171 3033 hunc
198 2975 352 3045 mundum,
381 2974 498 3030 effunde
523 2971 797 3052 beneffidictionem
825 2978 908 3027 tuam
943 2992 1030 3047 super
1057 2972 1110 3029 hos
1138 2993 1243 3044 cereos
1265 2981 1295 3031 εὴ

89 3055 283 3135 sanctifi>1⁴ca
307 3074 355 3112 eos
379 3054 491 3110 lumine
514 3055 617 3129 gratiae
631 3061 710 3125 tuae,
732 3060 762 3109 et
780 3053 903 3110 concede
919 3053 1065 3129 propitius
1082 3060 1117 3109 ut
1137 3054 1213 3111 sicut
1232 3056 1294 3113 haee

88 3138 252 3195 luminaria
273 3135 385 3193 visibili
406 3136 475 3210 igne
497 3154 617 3192 accensa
640 3142 799 3191 nocturnas
823 3133 976 3209 depellunt
990 3135 1133 3206 tenebrae,
1150 3135 1193 3192 ita
1207 3137 1294 3193 corda

87 3227 194 3275 nostra
215 3217 360 3274 invisibili
373 3217 448 3292 igne,
464 3217 553 3272 idest
576 3216 677 3272 Sancti
691 3215 819 3290 Spiritus
833 3215 993 3289 splendore,
1009 3216 1148 3286 illustres,
1163 3225 1198 3272 ut
1213 3219 1294 3274 omni

88 3301 232 3356 vitiorum
254 3299 384 3355 caecitate
406 3303 533 3368 careant,
556 3302 586 3353 et
609 3303 734 3372 purgato
758 3296 866 3352 mentis
887 3296 970 3351 oculo
993 3316 1027 3352 ea-
1047 3316 1164 3353 cernere
1179 3317 1293 3373 semper

88 3381 243 3456 possimus,
269 3399 335 3454 quae
359 3378 415 3434 tibi
440 3378 510 3435 su'nt
533 3378 642 3452 placita
663 3385 693 3434 et
713 3383 820 3433 nostres
845 3376 936 3432 saluti
960 3376 1055 3446 utilia,
1079 3378 1220 3452 quatinus
1240 3399 1293 3454 per

87 3463 178 3538 hujus
203 3460 303 3517 saeculi
331 3459 489 3534 caliginosa
511 3459 681 3515 discrimina
704 3458 741 3514 ad
765 3458 860 3513 lucem
887 3457 1105 3513 indeficientem
1138 3461 1292 3533 pervenire

87 3562 263 3599 mereamur.
317 3540 376 3596 Per
395 3548 434 3609 te,
459 3540 533 3596 lesu
555 3539 681 3610 Christe,
709 3539 844 3614 quicum
869 3537 959 3594 Patre
984 3545 1013 3594 et
1049 3539 1162 3614 Spiritu
1182 3541 1290 3597 Sancto

86 3624 166 3680 rivis
180 3628 211 3679 et
225 3642 329 3698 regnas
343 3622 435 3691 Deus,
450 3641 502 3696 per
515 3620 614 3676 omnia
628 3620 733 3676 saecula
748 3620 927 3678 soeculorum.
971 3620 1078 3676 Amen.

148 3704 283 3761 Oremus.
327 3702 436 3759 Oratio.
1149 3765 1151 3769 y

148 3785 232 3841 Deus
253 3782 429 3839 invisibilis*
453 3792 483 3838 et
504 3782 720 3838 inaestimabilis
742 3781 889 3856 potentiae,
913 3782 996 3856 cujus
1017 3780 1200 3858 Unigenitus
1222 3804 1288 3840 cum

86 3873 190 3923 nostra
203 3865 389 3922 humanitate
397 3863 539 3919 hodierna
547 3863 594 3919 die
605 3869 650 3918 est
660 3883 678 3918 a
689 3869 782 3919 matre
792 3862 824 3918 in
836 3862 946 3937 templo
956 3870 1158 3937 praesentatus
1173 3864 1288 3945 beneq<

86 3948 184 4004 dicere
212 3943 247 4002 et¹
269 3943 491 4023 sanctnpficare
519 3944 640 4018 dignare
668 3943 720 4000 has
747 3943 881 4000 candelas
909 3944 941 3999 in
966 3944 1075 4000 honore
1096 3946 1223 4001 nominis
1241 3947 1288 4002 tui

86 4028 210 4097 oblatas,
222 4033 252 4083 et
263 4026 387 4083 concede
396 4044 449 4101 per
457 4025 695 4100 gloriosissimam
705 4024 942 4081 intercessionem
952 4024 1058 4081 Sancte
1067 4025 1126 4081 Dei
1133 4027 1289 4101 genetricis

86 4108 194 4164 Mariae
208 4114 238 4165 et
252 4107 385 4163 omnium
409 4112 585 4176 sanctorum,
609 4112 643 4161 ut
665 4107 833 4181 quicunque
855 4105 916 4162 baec
939 4106 1097 4163 luminaria
1110 4127 1163 4182 pro
1177 4107 1287 4163 honore
1363 4111 1364 4116 ’

85 4189 160 4245 Filii
184 4189 230 4245 tui
249 4187 373 4245 Domini
397 4188 492 4244 nostri
513 4187 535 4244 J
537 4207 588 4243 esu
614 4186 727 4242 Christi
754 4187 891 4244 nranibus
914 4186 1103 4263 gestaverint,
1131 4189 1287 4262 temporali

84 4271 241 4349 potiantur
268 4269 408 4346 sospitate
419 4287 427 4339 ;
465 4274 495 4324 et
526 4267 695 4343 ubicunque
731 4267 856 4325 istorum
888 4268 1007 4324 flamma
1040 4267 1131 4323 fuerit
1168 4288 1287 4327 accensa

520 4410 532 4432 ³*
549 4408 602 4452 MS.
615 4408 819 4455 lla—universalis.

144 4488 214 4530 VOIa.
229 4489 262 4529 11.
671 4487 687 4527 (l
