2910 4904
221 336 262 396 24
503 332 506 341 “
668 332 761 396 Festa
786 330 976 395 Februarii.

281 498 416 556 Garadcl.
462 499 563 575 Specie
577 505 637 555 tua.

278 580 428 655 Alleluya.
479 581 507 637 V.
531 580 649 636 Diffusa
663 585 715 636 est.

277 661 479 735 Evcaaqclium.
524 661 626 718 Simile
640 667 671 717 et
684 679 808 736 regnum
822 660 959 716 caelorum
974 659 1120 716 thesauro

281 741 474 814 Qffcrtoriam.
519 742 603 798 Filiae
618 761 729 817 regum.

283 821 465 880 Continuata.
509 823 627 879 Diffusa
638 828 689 879 est.

410 982 412 986 Α
436 1018 475 1076 Iu
496 986 669 1076 Carnarius
689 1035 794 1076 sanem
816 1012 921 1074 Parui,
966 1015 1038 1093 (viii.
1056 1016 1124 1073 Kal.
1142 1015 1248 1093 Mart.)

283 1140 423 1215 Qfficiaaa.
467 1141 589 1199 Statuit.

282 1222 391 1279 Oratio.

280 1303 371 1372 Deus,
387 1303 439 1378 qui
453 1305 539 1360 beato
562 1304 652 1360 Petro
676 1305 808 1380 apost-olo
822 1309 875 1360 tuo
897 1302 1011 1360 collatis
1035 1301 1167 1359 clavibus
1189 1301 1274 1378 regni
1288 1301 1422 1373 caelestis,

218 1384 331 1441 animas
346 1384 458 1460 ligandi
478 1392 568 1459 atque
586 1385 719 1442 solvendi
743 1385 929 1461 pontificium
949 1383 1119 1441 tradidisti:
1140 1383 1265 1439 concede
1278 1389 1314 1439 ut
1327 1384 1422 1441 inter·

219 1465 356 1522 cessionis
370 1467 433 1540 ejus
447 1466 559 1522 auxilio
573 1485 590 1522 a
604 1474 790 1542 peccatorum
810 1472 979 1522 nostrorum
1003 1463 1129 1521 nexibus
1150 1463 1316 1521 liberemur.
1361 1464 1422 1534 Qui

221 1565 304 1602 vivis.

280 1627 375 1685 Lectio
389 1627 528 1702 Epistola
542 1627 616 1684 baeti
630 1627 712 1685 Petri
725 1626 857 1702 Apostoli
873 1625 900 1706 (1
918 1628 937 1683 i.
957 1627 1028 1703 1-7).

280 1707 387 1765 Petrus
414 1708 564 1783 apostolus
590 1729 681 1783 arsque
708 1710 749 1765 cd
776 1709 808 1764 in
836 1708 1047 1765 revelationem
1074 1705 1198 1763 Domini
1219 1707 1315 1764 nostri
1343 1707 1421 1765 Jesu

221 1788 340 1848 Christi.

281 1869 415 1933 Gaudet.

280 1951 424 2007 Exaltent
445 1970 513 2007 eum
533 1950 566 2006 in
588 1949 707 2007 ecclesia
728 1950 841 2026 plebis:
865 1957 895 2007 et
917 1951 949 2006 in
970 1951 1108 2008 cathedra
1130 1951 1278 2009 seniorum
1298 1949 1423 2007 laudent

220 2051 296 2088 eum.

225 2112 254 2170 V.
279 2112 492 2183 Confiteantur,
515 2112 655 2181 Domino,
680 2112 884 2169 misericordiae
913 2113 996 2187 ejus:
1028 2121 1059 2170 et
1087 2113 1235 2170 mirabilia
1262 2112 1327 2188 ejus
1351 2111 1424 2168 filiis

219 2194 381 2251 hominum.

282 2274 413 2331 Tractus.

279 2355 324 2411 Tu
335 2375 366 2412 es
380 2355 494 2426 Petrus,
511 2360 541 2411 et
552 2374 640 2430 super
652 2356 728 2412 hanc
742 2360 855 2430 petram
867 2355 1015 2412 aedificabo
1027 2355 1188 2413 Ecclesiam
1202 2374 1307 2411 meam.

225 2436 253 2492 V.
278 2437 319 2492 Et
332 2441 423 2511 portae
443 2436 529 2493 inferi
548 2455 609 2492 non
628 2436 832 2511 praevalebunt
852 2437 992 2493 adve1sus
1013 2456 1085 2509 eam,
1101 2445 1131 2493 et
1151 2436 1208 2493 tibi
1228 2435 1305 2492 dabo
1325 2433 1424 2491 claves

218 2518 301 2594 regni
315 2517 460 2574 caelorum.

224 2598 253 2655 V.
278 2599 481 2675 Quodcunque
494 2598 631 2675 ligaveris
644 2618 732 2674 super
745 2605 856 2654 terram
869 2621 875 2656 :
898 2598 956 2655 erit
969 2598 1094 2674 ligatum
1108 2605 1139 2655 et
1152 2599 1185 2655 in
1198 2597 1284 2656 cacha.

224 2679 252 2736 V.
277 2680 317 2736 Et
331 2679 526 2755 quodcunque
540 2679 661 2735 solveris
675 2686 905 2755 superterram:
927 2680 984 2736 erit
998 2678 1128 2736 solutum
1143 2685 1174 2737 et
1187 2679 1220 2735 in
1234 2679 1320 2736 caelis.

279 2758 447 2817 Secundum
460 2760 636 2816 Matthaeus
650 2759 723 2832 (aci.
743 2760 856 2838 13-19).

279 2841 319 2896 In
332 2840 383 2896 illo
397 2847 537 2916 tempore,
549 2840 643 2896 Venit
657 2841 678 2897 J
680 2861 745 2898 esus
756 2843 787 2897 in
801 2847 900 2916 partes
911 2840 1048 2899 Caesareae
1060 2840 1193 2917 Philippi
1204 2860 1294 2915 aaqrce
1308 2844 1350 2901 ad
1364 2843 1423 2901 orit

219 2920 349 2977 solutum
364 2921 439 2977 etin
454 2922 538 2977 caelis.

280 3001 380 3058 Oredo.

281 3083 472 3155 offertorium.
516 3083 645 3142 Veritas

280 3164 401 3221 Secreta.

280 3244 416 3301 Ecclesiae
445 3250 513 3315 tuae,
539 3265 716 3321 quaesumus,
743 3246 880 3316 Domine,
909 3265 1010 3320 preces
1038 3251 1067 3302 et
1095 3245 1207 3303 hostias
1234 3247 1314 3304 beati
1339 3246 1426 3305 Petri

220 3325 345 3400 apostoli
367 3326 415 3382 tui
439 3327 622 3384 commendet
647 3328 750 3397 oratio,
777 3332 812 3383 ut
835 3327 914 3402 quod
938 3347 991 3402 pro
1012 3326 1093 3384 illius
1115 3327 1208 3403 gloria
1232 3327 1425 3400 celebramus,

218 3406 303 3462 nobis
317 3407 410 3481 prosit
423 3407 460 3463 ad
474 3409 599 3467 veniam.
643 3408 701 3465 Per
715 3408 887 3465 Dominum.

276 3485 428 3561 Pawsatio.
471 3489 512 3544 Et
526 3495 564 3559 te,
581 3490 718 3557 Domine,
734 3489 913 3565 suppliciter.

282 3566 464 3625 Oourmuaa'o.

278 3649 322 3705 Tu
337 3668 367 3705 es
382 3649 497 3721 Petrus,
513 3657 543 3707 et
557 3671 644 3727 super
657 3650 732 3707 hanc
746 3656 860 3726 petram
875 3650 1024 3707 aedificabo
1039 3649 1199 3707 Ecclesiam
1213 3669 1317 3707 meam.

279 3731 521 3787 Postcoaumaraio.

278 3810 432 3883 Laetificat,
449 3811 585 3884 Domine,
601 3832 776 3887 quaesumus
792 3832 899 3868 munus
914 3812 1054 3883 oblatum,
1070 3817 1106 3868 ut
1120 3811 1197 3868 sicut
1214 3811 1347 3887 apostolo
1369 3818 1424 3870 tuo

218 3892 308 3948 Petro
322 3899 353 3948 te
366 3892 531 3949 mirabilem
545 3893 745 3968 praedicamus,
761 3894 802 3950 sic
816 3913 868 3968 per
881 3892 966 3948 illum
987 3899 1046 3948 tuae
1061 3911 1210 3949 sumamus
1228 3892 1424 3970 indulgentiae

217 3973 392 4048 largitatem.
437 3973 495 4030 Per
509 3974 679 4030 Dominum.
1306 4003 1309 4008 ·

424 4161 537 4219 Snucrr
558 4161 723 4234 Murrina,
745 4178 896 4220 Arosroar.
941 4162 991 4240 (vi.
1010 4162 1079 4218 Kal.
1096 4163 1201 4239 Mart.)

277 4281 417 4356 Officium.
461 4284 541 4342 Mihi
554 4292 654 4343 autem
669 4285 758 4342 nimis
772 4287 909 4342 honorati
923 4292 1001 4342 sunt.

277 4364 386 4422 Oratio.

275 4443 366 4517 Deus,
388 4447 438 4521 qui
459 4447 579 4504 beatum
598 4447 762 4506 Matthiam
782 4448 982 4523 apostolorum
1004 4452 1123 4504 tuorum
1144 4447 1267 4524 collegio
1282 4449 1423 4511 sociasti:
