2910 4904
651 286 747 351 Festa
772 285 924 351 Octobris.

310 503 349 561 Iu
369 519 423 560 nm
443 519 660 561 Arosronoauu
681 502 809 559 Sruorus
830 518 867 558 nr
886 501 989 558 tona.
1033 501 1072 572 (v.
1089 501 1158 559 Kal.
1176 500 1269 577 Nor.)

253 630 392 706 Officium.
435 632 514 691 Mihi
525 639 632 690 autem.

252 713 419 869 gbbtiiuqui
439 813 494 852 nos
515 814 567 870 per
592 794 693 851 beatos
717 792 863 869 apostolos
885 797 954 848 tuos
981 791 1130 849 Simonem
1153 798 1184 850 et
1206 791 1321 850 Judam
1344 792 1382 849 ad

191 873 371 948 agnitionem
384 875 431 930 tui
443 876 573 931 nominis
584 874 686 931 venire
699 874 841 945 tribuisti,
857 873 895 930 da
914 873 999 929 nobis
1019 892 1121 930 eorum
1140 873 1266 950 gloriam
1279 873 1388 950 sempi-

191 960 305 1012 ternam
319 964 349 1011 et
361 956 539 1031 proficiendo
552 956 705 1026 celebrare,
721 962 751 1011 et
764 953 936 1012 celebrando
944 953 1092 1030 proficere.
1136 954 1195 1012 Per
1207 953 1386 1012 Dominum.

250 1035 367 1110 Epistol
385 1079 392 1093 .
435 1035 548 1093 Scimus
561 1037 700 1112 quoniam
714 1034 905 1110 diligentibus
919 1035 1023 1092 Deum

253 1115 387 1174 Gradate.
430 1116 529 1172 Nimis
542 1116 686 1172 honorati.

250 1196 399 1273 Alleluya.
448 1196 477 1254 V.
501 1197 539 1253 In
553 1216 670 1253 omnem
683 1202 800 1252 terram.

250 1275 412 1351 Sequentia.
456 1277 541 1334 Olare
555 1283 731 1348 sanctorum,
746 1286 780 1333 at
793 1277 827 1334 in
842 1275 1007 1336 Oonnnuni.

252 1357 451 1431 Eoreapeliarn.
495 1358 569 1415 Haec
583 1358 689 1414 mando
703 1358 795 1414 vobis.

253 1437 444 1510 Offirtoriunr.
487 1438 526 1494 In
540 1458 656 1495 omnem
669 1445 789 1494 terram.

251 1517 371 1577 Secreta

197 1667 199 1672 Ι
251 1598 390 1670 Gloriam,
419 1598 554 1670 Domine,
583 1605 750 1656 sanctorum
776 1599 975 1675 apostolorum
1003 1598 1131 1657 Simonis
1158 1604 1189 1656 et
1208 1597 1299 1657 Judae
1319 1618 1389 1675 per·

190 1684 309 1754 petuam
335 1685 517 1750 venerantes,
546 1699 721 1755 quaesumus,
752 1685 788 1736 ut
814 1679 937 1737 eandem
963 1680 1052 1738 sacris
1085 1679 1235 1756 mysteriis
1268 1679 1388 1756 expiati

191 1760 307 1837 dignius
321 1761 505 1818 celebremus.
547 1760 605 1817 Per
618 1760 789 1817 Dominum.

251 1839 431 1898 Oornrnanio.
473 1840 537 1897 Vos
550 1841 602 1915 qui
615 1840 709 1898 secuti
721 1841 799 1900 estis.

251 1921 490 1978 Postcontneania

250 2000 407 2076 Peroeptis,
424 2001 559 2071 Domine,
575 2001 764 2058 sacramentis
787 2001 931 2078 supplices
964 2008 993 2058 te
1017 2022 1162 2078 rogamus,
1183 2008 1219 2060 ut
1239 2002 1389 2062 interced-

190 2081 308 2138 entibus
331 2082 425 2138 beatis
449 2081 588 2157 apostolis
610 2083 670 2139 tuis
698 2082 818 2139 Simone
839 2090 870 2140 et
892 2082 980 2154 Juda,
1004 2102 1069 2159 quae
1088 2103 1141 2160 pro
1161 2083 1283 2142 illorum
1297 2103 1388 2143 vene·

189 2161 281 2218 randa
294 2162 421 2235 gerimus
434 2162 575 2238 passione,
591 2163 675 2220 nobis
688 2163 843 2238 proficiant
856 2163 893 2220 ad
907 2163 1057 2221 medelam.
1100 2165 1168 2222 Per.

323 2355 435 2413 Sauorr
456 2356 610 2425 (tenuari,
634 2357 773 2415 (laruam
796 2374 940 2416 ar1scor1.
985 2357 1039 2434 (iii.
1056 2359 1125 2416 Kal.
1143 2359 1237 2437 Nor.)

249 2484 389 2559 Officium.
433 2485 555 2543 Statuit.

247 2565 356 2623 Oratio.
398 2566 454 2637 Da,
469 2586 644 2642 quaesumus.

245 2647 385 2722 Epistola.
429 2648 504 2705 Ecce
517 2649 657 2706 sacerdos.

247 2728 379 2784 Gradale.
424 2729 559 2800 Domine,
576 2729 753 2805 praevenisti.

244 2807 392 2883 Alleluya.
442 2809 470 2868 V.
492 2809 600 2866 Justus
612 2809 799 2885 germinabit.

245 2888 443 2962 Enarrqeliunt.
487 2889 586 2946 Homo
600 2891 719 2965 quidam
732 2910 859 2967 peregre.

247 2968 438 3041 Offirtoriane.
482 2969 610 3027 Veritas

245 3048 424 3107 Centumalo.
466 3050 576 3108 Beatus
590 3071 699 3108 semus.

888 3252 898 3263 u

328 3253 368 3310 Iu
387 3253 516 3310 Vranm
537 3254 669 3312 Ouuruu
690 3255 902 3313 srscrononr·
943 3252 1037 3327 (Prid.
1054 3252 1123 3311 Kal.
1140 3251 1234 3331 Nov.)

244 3382 343 3440 ottae
362 3383 468 3458 thttta
481 3384 527 3440 die
537 3383 693 3441 Donrinica
706 3384 835 3453 everterit,
843 3387 902 3458 fiat
913 3393 1028 3440 tantane
1042 3383 1186 3441 alternante
1195 3381 1384 3459 dellIartyri·

185 3465 237 3521 bus
245 3473 270 3520 et
278 3465 372 3521 liliosa
381 3465 415 3522 dc
430 3464 535 3537 Viatia
542 3466 576 3520 in
586 3464 739 3539 Ormitnloe
753 3473 779 3522 et
779 3469 839 3539 fiat
848 3485 914 3521 carn
923 3463 1025 3522 Gloria
1032 3463 1064 3519 in
1074 3463 1195 3520 excelsis
1203 3472 1229 3521 et
1238 3463 1380 3541 Alleluya

184 3554 209 3601 et
232 3545 325 3602 Credo
346 3554 372 3602 et
395 3545 571 3619 Prcefittione
594 3546 747 3616 narrentani,
762 3547 811 3602 sect
832 3545 893 3602 aiae
914 3544 1076 3619 Sequentia.
1119 3545 1159 3600 Ilt
1179 3553 1273 3603 totana
1292 3546 1380 3603 eervi-

184 3626 258 3681 tinnt
272 3625 331 3682 diei
336 3629 395 3699 fiat
413 3627 447 3682 de
468 3626 624 3682 Dornn'nica
635 3647 647 3694 ,¹
668 3635 693 3682 et
713 3626 848 3682 similiter
862 3629 921 3699 fiat
935 3627 969 3681 ia
987 3625 1120 3682 onaaibas
1146 3624 1263 3699 Vtytttte
1279 3625 1381 3684 dicim

183 3705 346 3763 Dominicis
379 3706 613 3780 contingentibus,
641 3716 765 3782 excepta¹
793 3707 899 3781 l'iyilia
932 3706 1107 3762 Natiuitatis
1140 3705 1265 3763 Domini
1291 3707 1320 3765 ei
1344 3706 1379 3764 ire

183 3786 340 3844 Dorninica
354 3787 511 3854 continuat.

244 3867 381 3941 Officium.
425 3867 538 3924 Timete
553 3866 724 3923 Dominum.

245 3948 354 4006 Oratio,

241 4029 369 4086 Domine
380 4029 461 4086 Deus
475 4034 583 4100 noster,
598 4029 764 4104 multiplica
784 4048 871 4103 super
891 4048 944 4086 nos
957 4030 1082 4105 gratiam
1097 4035 1190 4101 tuam,
1205 4034 1236 4086 et
1250 4047 1377 4105 quorum

239 4176 251 4200 *
267 4173 319 4218 MS.
336 4173 485 4218 D.-Si1nrc
508 4173 589 4231 l't'yilia
604 4188 696 4232 sequens
711 4173 736 4218 in
754 4174 873 4220 Ilonzinica
887 4176 990 4232 evenerit,
1006 4176 1097 4222 tuane
1112 4176 1188 4222 Missa
1204 4177 1231 4222 de
1253 4175 1338 4237 l'ipilia
1351 4162 1376 4223 in

183 4232 294 4290 Capitale,
303 4238 328 4277 et
337 4233 403 4293 infra
412 4238 511 4289 notatur,
521 4247 569 4277 anm
579 4232 663 4290 Kyrie,
674 4233 757 4277 Gloria
766 4233 791 4277 in
805 4235 915 4290 excelsis,
926 4235 1029 4280 Sanctus
1039 4242 1059 4281 et
1069 4235 1234 4294 ligurantur
1248 4252 1375 4283 commemo-

179 4291 266 4335 ratione
276 4291 340 4336 I‘etri
350 4298 371 4336 et
380 4291 455 4335 Pauli.
486 4292 544 4335 Dua
554 4291 658 4336 Orontea
668 4291 792 4347 Orationes,
802 4298 827 4336 at
836 4293 901 4352 infra
912 4299 1011 4351 notatur,
1021 4300 1042 4339 et
1051 4301 1104 4340 tanc
1113 4295 1147 4340 ad
1159 4308 1266 4351 monam
1280 4296 1375 4341 Missam

180 4349 207 4392 de
219 4350 335 4394 Itanirn'ca
349 4352 388 4405 fiat
402 4355 487 4394 tantane
502 4365 548 4395 amu
568 4350 654 4397 Oratio.
664 4357 685 4396 et
702 4349 793 4395 dicatur
808 4352 918 4412 Alleluya
934 4358 955 4398 et
972 4353 1057 4411 Credo,
1070 4354 1112 4400 sed
1124 4353 1173 4401 sine
1187 4340 1317 4414 Sequentia,
1327 4369 1373 4401 cun

179 4407 320 4466 Prasatione
330 4398 356 4453 cle
369 4409 490 4455 (lemanni.
