2910 4904
757 292 879 360 Prota.

299 463 365 532 Quo
378 481 431 519 vos
445 460 527 538 Agni
540 461 672 519 membra
684 459 830 534 florentes,
845 466 998 538 tamquam
1012 460 1121 539 palma,

298 542 466 620 splendetis
479 543 560 600 curia
574 562 626 600 ceu
641 542 684 600 sol
704 542 861 618 stelligera,

299 625 413 681 Summi
427 643 515 699 super
528 643 617 681 aurea
630 623 741 695 sedilia,

298 705 469 781 Regnantes
477 705 544 780 jugi
557 704 667 762 alacres
680 705 813 762 uictoria.

298 785 402 842 Dulcis
415 785 523 861 quibus
537 785 595 842 luit
608 786 685 842 calix
699 785 834 860 martyrii
846 804 900 861 pro
912 784 1006 861 gloria
1098 786 1101 790 ’

299 866 399 923 Multa
413 874 479 942 post
494 866 616 923 vulnera
630 867 741 922 intrare
755 871 785 922 et
798 866 875 943 regis
888 867 980 923 vestri
992 865 1112 939 aulam;

299 947 383 1004 Saeva
405 966 479 1040 qups
501 954 649 1004 tormenta
669 946 843 1004 fortissimos
864 954 967 1005 eontra
990 947 1066 1005 bella
1086 948 1165 1005 saeeli
1189 946 1401 1025 comprobabant

299 1028 625 1200 chrisll'lllaalnspectu
646 1128 704 1185 quo
718 1108 801 1165 fieret
820 1108 949 1185 pretiosa
968 1127 1083 1185 semper
1098 1128 1179 1168 mors
1191 1115 1293 1169 vestra
1304 1108 1402 1167 fami}

300 1208 476 1346 Hostlitndiii
489 1269 557 1326 fidei
570 1268 721 1326 vincentes
735 1289 802 1326 eum
814 1268 908 1346 gloria

302 1351 432 1408 Gestatis
446 1351 529 1407 rutili
543 1349 736 1425 triumphales
750 1351 871 1407 laureas

300 1431 366 1488 Vos
380 1431 457 1488 clara
471 1431 598 1508 petimus
611 1432 686 1488 aulae
696 1431 760 1488 eaeli
773 1430 875 1503 sidera,

301 1513 397 1568 Vobis
409 1532 463 1569 nos
475 1513 573 1588 patria
578 1513 697 1589 jrmgite
710 1511 912 1588 pulcherrima

303 1593 414 1651 Omnes
427 1594 517 1650 dicite

304 1674 352 1732 Sic
366 1677 426 1733 fiat.

769 1779 874 1837 XLII.

646 1896 708 1975 (Da
722 1894 1004 1975 Rusuauucrmuu)

282 2014 377 2071 Prusa
390 2015 432 2071 aa
444 2013 600 2088 »Sequentia
614 2012 702 2088 Lyra.

284 2101 386 2158 Allelu
408 2121 432 2160 a.

223 2185 312 2241 Lusa
326 2122 467 2240 euaderet
481 2199 584 2239 aueum
597 2182 728 2258 angelica
740 2188 827 2239 canat
840 2202 893 2259 per
904 2182 1018 2252 saecula,

224 2265 296 2323 Vox
309 2269 427 2339 promat
440 2270 470 2321 et
483 2272 585 2320 nostra
598 2263 646 2319 cui
660 2262 805 2338 alleluya:

225 2345 310 2402 Clavi
323 2345 485 2402 clementiae
498 2350 598 2400 vatum
615 2344 667 2419 qui
680 2345 778 2401 clausa
791 2343 921 2419 pandens
935 2343 1068 2419 symbola

224 2426 373 2503 Processit
387 2425 512 2501 virginis
525 2428 631 2500 Agnus
645 2430 676 2481 et
690 2425 819 2500 Sponsus
832 2422 904 2482 arva
918 2425 948 2480 iu
964 2426 1028 2482 ista

225 2508 291 2577 Quo
304 2527 358 2564 sua
371 2525 444 2582 quos
465 2506 596 2562 condidit
610 2506 745 2581 majestas
766 2506 886 2563 Deifera
898 2505 978 2562 illius
992 2505 1119 2562 salvaret
1131 2504 1259 2581 pulchra
1270 2503 1414 2582 praesentis

307 2587 457 2644 homifera.

226 2668 252 2726 Ο
266 2668 401 2725 miranda
414 2667 550 2725 bonitas!
571 2666 619 2724 Sic
632 2667 741 2724 redisse
755 2667 870 2744 gaudia,
881 2667 990 2744 perisse
1000 2666 1132 2738 crimina,
1143 2666 1265 2743 eaptive
1277 2670 1310 2725 et
1318 2664 1414 2725 melei

306 2749 431 2805 saecula!

232 2831 339 2906 Stupet
352 2836 468 2899 natura,
482 2834 562 2886 casta
575 2829 654 2905 quod
667 2829 798 2904 parturit
810 2829 926 2887 femina.

228 2911 391 2988 Nunquam
407 2911 511 2967 saeeula
524 2910 602 2967 faeta
615 2910 722 2966 similia
736 2910 880 2967 viderant.

227 2992 328 3049 Crevit
341 2992 457 3067 virgine
474 3002 569 3048 matre
589 2991 765 3061 humanitas,
780 2991 829 3048 eui
847 2996 892 3048 est
908 2997 992 3065 patre
1009 3009 1123 3066 semper
1140 2988 1308 3064 diviuitas3
1326 2994 1415 3049 nuth

306 3072 434 3129 eaiualia
447 3072 572 3146 sumpsit
586 3078 616 3128 et
632 3071 735 3147 spatia,
751 3071 810 3140 Qui
823 3071 911 3146 alpha
925 3077 970 3128 est
983 3072 1050 3128 etO
1065 3090 1117 3147 per
1130 3070 1239 3129 omnia„

227 3155 335 3211 Cantat
349 3153 403 3209 hoe
416 3153 552 3224 mundae,
567 3153 651 3228 polus
665 3159 695 3209 et
704 3153 823 3228 jubilat,
839 3153 922 3228 signa
934 3152 1064 3209 inuuunt
1076 3151 1163 3228 plura
1176 3157 1208 3209 et
1220 3150 1337 3229 fulgida
1347 3150 1415 3209 hum

307 3253 369 3290 esse
383 3234 544 3304 dominum,
558 3232 645 3291 homo
659 3253 712 3310 pro
727 3233 845 3290 homine
859 3232 971 3290 salvare
985 3233 1037 3308 qui
1050 3232 1167 3308 perdita
1179 3238 1314 3291 venerat.

228 3314 320 3373 Hune
333 3314 414 3390 plebs
428 3315 465 3370 ab
483 3313 611 3371 Hebraea
629 3315 755 3390 degener
772 3314 873 3390 gloria,
886 3313 973 3371 calice
991 3315 1097 3370 erroris
1117 3313 1140 3371 J
1143 3312 1228 3371 udaeu
1245 3312 1338 3385 ebria,
1352 3310 1416 3371 eelw

307 3395 463 3470 suspendio
477 3395 570 3451 amieis
584 3396 733 3452 mortifero
748 3395 870 3452 confixit
883 3394 1027 3470 parricida
1041 3395 1172 3470 pessima.
1440 3428 1444 3433 -

228 3475 289 3532 Hie
311 3496 373 3532 rem
395 3476 560 3532 inauditam
581 3477 696 3552 perficit
716 3485 783 3552 post
797 3495 920 3547 erucem,
935 3475 1062 3532 claustra
1082 3474 1128 3532 leo
1146 3473 1235 3533 fortis
1255 3470 1416 3551 mmmm

310 3557 400 3613 Erebi

230 3600 502 3713 Sanctaque'spolia
515 3657 604 3713 regno
618 3657 671 3694 rex
685 3657 789 3713 supero
803 3636 905 3695 evexit
918 3635 1025 3693 dextra
1037 3634 1213 3695 vexillifera.

230 3717 297 3775 Tali
310 3720 412 3775 ordine
426 3718 478 3793 qui
491 3719 617 3775 clemens
630 3738 684 3775 nos
697 3718 867 3775 redemerat.

232 3799 327 3857 Nobis
340 3800 428 3856 venia
442 3801 490 3868 sit,
505 3806 536 3856 et
549 3818 664 3871 corona,
680 3819 740 3875 pax
753 3805 784 3857 et
797 3799 883 3856 alma

764 3997 888 4055 XLIII.

672 4122 734 4199 (Da
753 4121 980 4199 Miserrimus.)

469 4241 563 4297 Prusa
577 4239 618 4298 ad
629 4239 785 4315 Sequentia
799 4239 885 4315 Lyra.

470 4334 618 4409 Alleluya.

409 4428 492 4486 Ecca
507 4442 647 4485 euucnaa
660 4441 816 4497 uaaouuu,
831 4434 971 4501 utsupra
987 4422 1055 4502 (vol
1070 4422 1104 4482 ii.
1115 4442 1145 4501 p.
1160 4420 1245 4503 204).
