2910 4904
575 305 672 370 Veste
693 305 826 370 Martii.
1264 307 1306 382 27

161 473 364 549 Evaupelium.
402 473 477 530 Ecce
491 493 545 530 nos
558 473 741 548 reliquimus,
753 492 847 547 quoere
855 473 889 530 111
899 471 1090 532 Conuersione
1099 474 1195 531 saucte'
1205 472 1305 532 Pauli.

165 554 358 628 Offlrtorium.
402 554 526 612 Veritas
540 574 613 611 mea.

164 635 345 695 Oommum'o.
389 636 499 707 Amen,
514 635 579 692 dico
593 635 685 693 vobis.

206 849 246 906 Iu
260 866 352 908 rusro
366 850 639 908 Auuuurmmours
654 867 761 908 numm
775 851 900 909 Mirum.
938 852 1011 930 (viii.
1029 853 1098 911 Kal.
1114 852 1204 931 Apr.)

161 990 362 1130 libiiiilemcaeli
383 1072 515 1148 desuper,
541 1080 572 1130 et
593 1074 687 1132 nubes
708 1074 814 1150 pluant
833 1075 970 1149 justum:
999 1073 1151 1150 aperiatur
1173 1081 1253 1133 terra
1274 1080 1305 1133 11

98 1153 248 1230 germinet
262 1153 445 1211 salvatorem.

159 1245 308 1303 Psalmus.
352 1246 393 1303 Et
403 1247 522 1322 justitia
535 1247 649 1304 oriatur
662 1247 767 1305 simul:
789 1247 852 1323 Ego
867 1247 1014 1305 Dominus
1028 1247 1126 1305 creavi
1139 1266 1214 1306 eum.

162 1339 274 1397 0111110.

159 1419 251 1492 Deus,
276 1420 328 1496 qui
355 1421 391 1477 de
418 1422 510 1477 beatae
539 1421 644 1478 Mariae
671 1421 796 1496 virginis
823 1427 908 1478 utero
935 1421 1072 1478 Verbum
1092 1429 1179 1479 tuum
1200 1421 1304 1498 angelo

96 1501 260 1557 nuntiante
281 1521 398 1559 carnem
418 1503 564 1577 suscipere
584 1502 707 1559 voluisti
719 1522 727 1574 3
755 1508 862 1578 praesta
884 1503 1065 1578 supplicibus
1093 1503 1163 1573 tuis,
1190 1509 1226 1559 ut
1254 1503 1306 1579 qui

96 1602 167 1639 vere
181 1601 247 1638 eum
260 1583 438 1657 genetricem
449 1583 509 1639 Dei
526 1584 680 1654 credimus
696 1585 759 1658 ejus
776 1583 856 1659 apud
873 1589 903 1640 te
914 1584 1179 1643 intercessionibus
1201 1584 1304 1660 adjuv-

96 1683 192 1720 emur.
237 1662 297 1719 Per
310 1664 442 1720 eundem.

159 1742 248 1818 Epist
237 1743 303 1801 mole
355 1744 486 1801 Locutus
507 1750 552 1801 est
577 1744 724 1802 Dominus
743 1744 781 1802 ad
802 1745 910 1817 Achaz,
941 1746 1055 1820 require
1081 1745 1172 1803 Feriu
1196 1753 1305 1831 quarte

90 1834 162 1903 post
151 1825 405 1882 tDomim‘eum'
380 1826 425 1882 111
443 1826 600 1883 Adventus

159 1917 327 2068 giridieliles
341 1999 469 2057 Domine
483 2019 571 2075 super
585 1999 754 2057 Cherubin:
775 2000 873 2057 excitu
893 2000 1058 2075 potentiam
1074 2006 1166 2073 tuam,
1182 2006 1213 2058 et
1226 1999 1302 2058 veni.

102 2079 133 2138 V.
160 2079 221 2148 Qui
235 2079 313 2155 regis
327 2080 421 2138 Israel
434 2081 556 2137 intende
567 2100 576 2152 5
603 2080 656 2156 qui
669 2081 789 2138 deducis
803 2080 887 2138 velut
901 2100 987 2138 ovem
1000 2080 1022 2138 J
1024 2081 1120 2157 oseph.

158 2161 351 2313 {rubellium
366 2243 463 2316 gratia
475 2242 581 2318 plena:
603 2243 750 2299 Dominus
763 2247 870 2300 tecum.

102 2320 133 2380 V.
160 2322 256 2378 Beato
269 2328 304 2378 tu
318 2323 351 2378 in
364 2323 555 2382 mulieribus:
576 2330 607 2381 et
620 2324 791 2381 benedictus
805 2324 919 2381 fructus
932 2323 1046 2380 ventris
1060 2324 1114 2380 tui.

102 2403 133 2461 V.
160 2403 324 2474 Quomodo,
350 2403 459 2480 inquit,
486 2405 537 2461 fiet
561 2405 660 2462 istud:
698 2405 839 2481 quoniam
862 2405 961 2461 virum
985 2424 1046 2461 non
1073 2423 1236 2480 cognosco
1273 2410 1304 2462 et

96 2484 276 2560 respondens
297 2485 418 2560 angelus
439 2486 525 2542 dixit

103 2565 134 2622 V.
161 2564 291 2641 Spiritus
309 2565 435 2622 Sanctus
456 2565 669 2642 superveniet
661 2585 693 2622 m
711 2572 761 2623 te:
789 2573 820 2623 et
840 2565 900 2622 virt
901 2585 936 2622 us
888 2541 1094 2622 taltissimi
1114 2565 1304 2623 obumbrabit

95 2645 291 2802 Vlildeoque
304 2728 383 2802 quod
397 2734 534 2785 nascetur
547 2747 585 2784 ex
599 2733 629 2784 te
643 2733 797 2785 sanctum·
791 2772 797 2785 .
819 2727 975 2784 vocabitur
988 2726 1083 2784 Filius
1097 2727 1163 2784 Dei.

156 2819 211 2878 *Si
236 2840 300 2878 vero
323 2821 406 2878 istud
432 2821 553 2878 Festum
580 2821 715 2879 celebrari
741 2821 839 2879 debeat
867 2831 989 2896 tempore
1016 2821 1163 2894 Puecbub',
1188 2821 1306 2880 dicutur

88 2901 228 2979 primum
242 2902 391 2976 Alleluya.
432 2901 460 2960 V.
483 2903 551 2960 Ave
565 2901 672 2975 Maria,
687 2902 783 2978 gratia
796 2902 900 2978 plena:
922 2901 1068 2960 Dominus
1081 2909 1198 2962 tecum:
1220 2903 1306 2962 bene-

95 2983 226 3040 dictatu
240 2983 274 3039 in
291 2983 470 3040 mulieribus.

155 3063 328 3122 Secundum
340 3064 489 3139 Alleluya.
529 3063 558 3121 V.
582 3064 719 3121 Surrexit
740 3063 896 3136 Dominus,
913 3070 943 3120 et
962 3083 1115 3122 occurrens
1129 3065 1304 3124 mulie1ibus

93 3145 146 3218 ait,
161 3146 283 3203 Avete:
304 3151 377 3202 tunc
391 3151 584 3216 accesserunt,
600 3151 630 3201 11
643 3150 806 3202 tenuerunt
819 3145 906 3220 pedes
921 3146 992 3221 ejus.

153 3225 322 3301 Sequentia.
358 3226 481 3302 Virgini
502 3226 616 3298 Mariae,
639 3235 674 3283 ut
687 3227 722 3283 iu
737 3224 895 3283 Communi
909 3225 996 3284 beutce
1009 3226 1119 3284 Murice
1132 3227 1167 3284 111
1181 3236 1304 3304 tempore

94 3307 245 3366 Pueebuli.

155 3387 361 3529 guappelium.
405 3387 517 3445 Missus
531 3394 575 3445 est
589 3387 710 3445 Gabriel
727 3388 856 3463 angelus.

183 3489 214 3526 re
236 3489 253 3526 ο

156 3562 353 3637 Offertorium.

155 3645 226 3701 Ave
260 3643 368 3714 Maria,
396 3645 492 3719 gratia
522 3643 630 3719 plena:
670 3643 817 3700 Dominus
851 3649 973 3700 tecum:
1012 3643 1167 3700 benedicta
1200 3599 1236 3700 tu
1269 3642 1303 3700 in

93 3724 279 3796 mulieribus,
305 3731 336 3782 et
356 3689 528 3782 benedictus
549 3725 663 3781 fructus
684 3725 798 3782 ventris
819 3725 873 3780 tui

157 3813 237 3895 [1111
238 3837 349 3892 empore
363 3815 503 3874 Pueebeli
516 3814 876 3891 cumAlleluyu-MSS.
893 3816 928 3889 B,
946 3816 977 3890 O,
994 3818 1052 3874 ond
1067 3815 1119 3898 D]

156 3909 278 3967 Secreta.

157 3990 197 4046 In
223 3990 373 4047 mentibus
401 3989 519 4062 nostris,
545 4009 721 4065 quaesumus,
751 3989 888 4063 Domine,
913 4011 991 4048 verae
1022 3991 1091 4049 fidei
1122 3997 1303 4049 sacramenta

96 4070 245 4143 confirma,
275 4077 310 4128 ut
343 4070 397 4146 qui
423 4077 597 4146 conceptum
624 4071 660 4128 de
686 4072 802 4148 virgine
829 4072 928 4129 Deum
961 4093 1064 4130 verum
1091 4079 1122 4131 et
1151 4073 1302 4130 hominem

97 4151 278 4224 confitemur,
302 4171 355 4228 per
377 4153 440 4227 ejus
461 4152 620 4208 salutiferae
643 4152 878 4210 Resurrectionis
905 4155 1069 4230 potentiam
1096 4155 1134 4211 ad
1161 4160 1302 4211 aeternam

96 4251 262 4290 mereamur
274 4234 430 4309 pervenire
443 4233 587 4290 laetitiam.
631 4234 691 4302 Qui
704 4240 803 4291 tecum
817 4235 901 4291 vivit.

160 4324 307 4392 Praesetio.
351 4325 393 4383 Et
406 4332 436 4382 te
450 4326 483 4383 in
496 4326 746 4384 Annuntiatione.

591 4453 604 4480 *
620 4452 755 4498 Om-MS.
767 4453 797 4499 D.
