2910 4904
594 261 690 325 Festo
704 261 746 323 M
743 260 804 326 cii.

462 427 488 484 Ο
504 447 592 503 quam
606 446 679 503 pure
693 446 813 503 precum
827 435 898 486 vota

461 508 566 565 Mente
579 508 685 565 libavit
699 509 807 566 devota

501 589 566 645 Deo
581 588 639 645 Dei
652 589 799 661 famulus;

461 669 542 726 Dum
557 669 594 726 de
608 671 677 726 caelo
692 670 746 726 lux
759 671 879 741 effulsit,

460 749 501 807 Et
515 757 648 807 orantem
662 752 857 808 circumfulsit

501 830 613 906 Fulgor
627 831 728 888 Sancti
743 833 878 908 Spiritus

460 911 528 969 Hoc
542 912 649 968 Levita
662 914 773 970 mirans
786 913 885 970 lumen

459 992 571 1050 Audax
585 993 765 1069 introspexit
779 1015 890 1052 numen

500 1074 539 1129 In
553 1074 694 1131 columbae
709 1075 812 1151 specie.

459 1154 670 1212 Concremotur
682 1157 785 1212 vuitus
799 1157 843 1214 rei
853 1177 861 1228 3

458 1234 557 1292 Fulsit
569 1237 665 1292 virtus
678 1237 742 1293 vivi
755 1237 814 1295 Dei

499 1316 577 1373 Seno
589 1318 668 1374 facta
680 1317 763 1375 facie.

458 1396 625 1455 Exoremus
638 1405 739 1455 mente
752 1405 825 1471 tota,

459 1478 541 1536 Offer
554 1479 674 1536 Christo
688 1499 809 1556 precum
822 1487 900 1553 vota,

497 1559 519 1616 J
521 1560 652 1617 ohannes
665 1562 854 1620 sanctissime.

458 1640 505 1698 Ut
518 1647 549 1698 te
564 1641 646 1711 duce,
661 1648 692 1699 te
706 1649 841 1718 patrono,

457 1722 652 1779 Perfrnamur
666 1743 781 1780 summo
794 1724 881 1797 bono,

498 1804 640 1861 Pontifex
654 1805 794 1880 piissime.

151 1923 356 1999 Eoonqelium.
399 1923 500 1980 Homo
515 1922 635 1998 qnidam
649 1942 776 2000 peregre.

101 2066 104 2070 .
153 2015 349 2090 Offirmriunn
392 2016 521 2074 Veritas.

151 2111 274 2169 Secreto

150 2192 301 2268 Suscipiat
314 2191 471 2249 clementio
492 2197 553 2262 tua,
570 2191 660 2262 Deus,
677 2191 714 2248 de
734 2192 872 2250 manibus
892 2192 1001 2250 nostris
1021 2210 1131 2266 munus
1151 2190 1295 2262 oblatum,

85 2279 118 2332 et
132 2274 296 2349 persancti
310 2272 483 2330 confessoris
497 2272 544 2329 tui
557 2272 579 2329 J
581 2273 706 2329 ohannis
727 2274 855 2349 episcopi
875 2274 1023 2332 orationes
1041 2273 1079 2331 ab
1093 2273 1230 2331 omnibus
1243 2291 1297 2330 nos

85 2353 211 2412 absolve
224 2355 357 2429 peccatis.
401 2354 460 2410 Per
473 2353 645 2410 Dominum.

151 2446 336 2505 Commum‘o.
381 2447 492 2504 Beatus
506 2466 616 2504 servus.

148 2539 393 2598 Postcommunio.

151 2620 345 2691 Sanctificati,
361 2621 498 2692 Domine,
518 2620 697 2677 salutaribus
718 2621 877 2696 mysteriis,
891 2639 1068 2695 quaesumus,
1084 2626 1120 2677 ut
1140 2640 1194 2697 pro
1212 2619 1298 2676 nobis

86 2701 172 2759 beati
185 2701 208 2759 J
209 2701 335 2758 ohannis
349 2701 522 2759 confessoris
536 2702 583 2757 tui
596 2709 687 2777 atque
700 2701 849 2778 pontificis
862 2721 923 2758 non
937 2702 1014 2759 desit
1027 2702 1130 2773 oratic,
1143 2702 1227 2776 cujus
1243 2721 1298 2759 nos

85 2783 208 2841 donasti
222 2782 387 2858 patrocinio
401 2784 568 2858 gubernari.
612 2783 671 2840 Per
685 2783 857 2840 Dominum.

153 3005 343 3062 Snuoronuu
365 3020 539 3061 nnnrrnun
561 3003 718 3061 Gonnum
739 3020 777 3060 ur
798 3004 966 3062 Emunoffl.
1010 3003 1060 3081 (vi.
1078 3004 1123 3062 Id.
1140 3001 1235 3085 Mai.)-

147 3151 289 3227 Officium.
337 3151 439 3209 Sancti
452 3153 508 3222 tui,
522 3152 660 3211 Domine.

146 3233 259 3291 Oratio.

144 3315 204 3385 Da,
234 3334 411 3390 quaesumus,
440 3314 626 3390 omnipotens
662 3314 751 3386 Deus,
784 3321 820 3370 ut
854 3315 906 3391 qui
941 3316 1095 3372 beatorum
1128 3322 1296 3391 martyrum

81 3404 207 3455 tuorum
232 3397 377 3454 Gordiani
398 3403 487 3472 atque
510 3395 665 3471 Epimachi
688 3395 842 3453 sollemnia
869 3395 1000 3468 colimus,
1030 3415 1131 3453 eorum
1158 3397 1238 3473 opud
1264 3403 1296 3455 te

80 3478 346 3537 intercessionibus
360 3476 543 3553 adjuvemur.
587 3476 646 3533 Per
660 3477 831 3534 Dominum.

144 3569 288 3644 Epistola.
332 3569 450 3627 Reddet
463 3568 545 3626 Deus
559 3569 730 3628 mercedem.

142 3650 296 3726 Alleluyo„
346 3651 375 3710 V.
398 3651 604 3707 Exsultabunt
617 3652 720 3708 sancti.

142 3731 294 3807 Alleluya.
345 3732 373 3791 V.
397 3731 534 3789 Surrexit
562 3731 709 3788 Dominus
736 3750 814 3803 vere,
837 3739 867 3788 et
891 3732 1030 3807 apparuit
1054 3732 1162 3789 Petro:
1190 3732 1234 3791 uel
1259 3733 1294 3791 de

80 3813 264 3872 Ascerwione.

143 3906 348 3980 Enanqelium.
392 3906 580 3963 Descendens
594 3905 616 3962 J
617 3925 682 3964 esus
696 3907 732 3964 de
747 3913 853 3963 monte.
869 3953 871 3957 .

145 3986 341 4061 offertorium.
386 3987 543 4044 Mirabilis.

144 4067 268 4126 Secreta.

99 4191 102 4199 .
145 4149 271 4206 Hostias
293 4149 359 4221 tibi,
380 4148 517 4218 Domine,
538 4149 693 4204 beator-um
716 4155 882 4223 martyrum
899 4154 1020 4205 tuorum
1039 4147 1185 4206 Gordiani
1204 4155 1295 4225 atque

82 4229 243 4306 Epimacbi
255 4230 368 4287 dicatas
387 4230 502 4286 meritis
516 4229 661 4304 benignus
675 4249 799 4300 assume,
815 4235 845 4286 et
858 4229 896 4286 ad
909 4237 1085 4305 perpetuum
1099 4231 1185 4287 nobis
1198 4231 1297 4288 tribue

79 4311 240 4388 'pervenire
253 4311 426 4369 subsidium.
470 4310 536 4367 Per.

152 4389 333 4450 Communis.
377 4391 398 4450 J
401 4398 536 4448 ustorum
551 4391 665 4449 animae.
