2866 4906
478 333 526 398 In
549 333 863 418 Trunsfipurote'one
884 333 1036 400 Domini.

353 499 480 578 Propter
492 501 719 577 insuperabilem
734 500 845 577 eloquii
858 501 1055 559 constantiam

285 605 287 609 ’
354 582 521 640 Domitiani
535 582 657 640 Caesaris
670 589 773 658 raptus
785 601 838 658 per
850 581 1043 655 iracundiam,

433 663 518 720 Dura
531 663 623 720 subiit
637 662 748 720 exsilia.

353 743 393 800 In
406 743 528 801 Patmos
543 744 754 820 Apocalypsim
768 743 886 820 scripsit
899 744 935 801 de
949 743 1089 814 Ecclesia,

353 824 400 882 De
413 830 495 882 statu
509 825 572 899 ejus
585 825 733 900 praesenti,
749 824 925 883 Sanctorum
938 831 969 882 et
981 824 1075 902 gloria

433 905 473 962 In
487 905 595 962 caelesti
609 905 697 962 curia.

353 985 503 1062 Ephesum
516 991 585 1062 post
598 1005 666 1061 cum
678 985 767 1043 rediit
781 986 937 1043 suscitavit
951 985 1080 1057 viduam,

351 1066 495 1123 Animam
509 1066 701 1124 adolescentis
714 1067 865 1124 revocavit
878 1073 1025 1124 mortuam
1036 1088 1045 1140 3

433 1147 459 1204 Ο
474 1153 586 1223 quanta
599 1147 763 1206 clementia.

353 1227 510 1285 Cratonem
524 1228 731 1304 philosophum
744 1229 840 1285 traxit
853 1228 892 1285 ab
905 1227 1079 1300 idololatria,

352 1309 398 1366 De
412 1308 505 1366 stulto
518 1309 622 1366 mundi
636 1316 809 1386 contemptu
822 1309 860 1367 ad
873 1309 1022 1366 virtutum
1035 1308 1134 1366 studia
1140 1328 1150 1381 3

433 1389 459 1447 0
474 1396 586 1466 quanta
600 1391 731 1449 scientia.
751 1459 755 1471 1

352 1469 439 1542 Saxa,
454 1471 560 1546 virgas,
576 1491 690 1543 aurum,
706 1471 943 1548 gemmas,va1ia
955 1489 1008 1547 per
1021 1469 1145 1546 imperia

351 1551 485 1609 Mutavit
499 1558 529 1609 et
542 1552 714 1609 reformavit
727 1553 760 1609 in
773 1559 881 1611 natura
894 1552 1031 1628 propria3

433 1632 459 1689 Ο
473 1633 548 1689 mira
561 1633 703 1709 potentia

350 1711 497 1770 Homines
510 1732 624 1770 veneno
639 1714 742 1771 mortis
756 1733 906 1790 perpessos
919 1713 1075 1791 naufragia

350 1793 411 1850 Hic
424 1792 531 1850 illaesos
544 1794 693 1869 reparavit
705 1795 744 1853 ad
756 1794 827 1853 vitae
840 1794 977 1870 praesidia

431 1873 491 1930 Sua
504 1894 557 1950 per
570 1874 717 1949 suffragia.
995 1869 1005 1886 ’

351 1953 455 2012 Carnis
469 1954 545 2011 liber
558 1954 688 2012 adolere
702 1955 778 2011 sicut
791 1973 809 2011 a
823 1954 953 2026 lascivia,

349 2034 401 2093 Ab
415 2035 469 2092 illc
482 2054 570 2111 quem
584 2035 734 2111 diligebat,
750 2035 929 2093 transfertur
942 2036 974 2092 in
988 2035 1090 2112 gloria,

430 2115 477 2172 De
491 2116 573 2173 omni
585 2116 729 2192 angustia.

350 2196 426 2253 Cum
439 2216 498 2272 quo
512 2202 616 2273 regnat
630 2202 786 2254 coronatus
799 2196 975 2272 triumphali
988 2197 1098 2269 laurea,

348 2278 380 2335 A
393 2297 452 2353 quo
465 2277 560 2353 fulget
573 2278 727 2336 decoratus
740 2279 853 2335 virtute
867 2278 1001 2355 virginea
1008 2297 1018 2350 ;

430 2358 456 2416 O
472 2359 545 2416 felix
558 2359 696 2416 amicitia.

349 2439 417 2515 Ipse
431 2440 516 2496 nobis
529 2445 716 2516 peccatorum
730 2439 862 2497 conferat
875 2440 1012 2511 remedia,

348 2521 406 2578 Per
420 2541 508 2597 quem
522 2541 623 2578 omnes
636 2521 790 2578 veniamus
803 2520 841 2579 ad
855 2527 965 2577 aeterna
978 2520 1095 2597 gaudia,

429 2601 541 2659 Christi
555 2602 673 2659 favente
681 2601 812 2678 gratia*

474 2781 514 2840 In
534 2783 850 2841 Transrmunemorn
871 2783 1026 2842 Doumat

208 2863 373 2921 Benedictio
387 2883 458 2922 uuae.

208 2941 394 3022 Beneffldic,
421 2943 558 3015 Domine,
585 2951 615 3000 et
640 2944 693 3001 hos
713 2944 827 3001 fructus
848 2963 932 3001 novae
952 2963 1026 3016 uvae,
1049 2961 1122 3020 qnos
1144 2948 1187 3016 tu,
1210 2943 1351 3018 Domine,

147 3043 212 3081 rore
233 3024 296 3081 caeli
310 3024 547 3082 etinundatione
567 3024 736 3100 pluviarum
750 3031 781 3081 et
794 3030 960 3100 temporum
980 3025 1139 3082 serenitate
1159 3030 1248 3102 atque
1269 3031 1352 3084 tran·

146 3104 295 3180 quillitate
315 3105 353 3162 ad
373 3105 576 3162 maturitatem
596 3105 753 3180 perducere
768 3105 906 3181 dignatus
926 3125 964 3177 es,
981 3112 1012 3163 et
1025 3105 1132 3162 dedisti
1153 3125 1201 3163 eos
1221 3105 1259 3162 ad
1278 3125 1351 3164 usus

147 3191 263 3243 nostros
277 3205 344 3243 cum
357 3186 520 3262 gratiarum
538 3185 653 3242 actione
673 3186 829 3261 percipere.
872 3185 911 3242 In
925 3186 1045 3243 nomine
1063 3185 1188 3244 Domini
1204 3185 1352 3266 nostriqe

146 3265 169 3325 J
170 3285 221 3323 esu
236 3266 357 3337 Christi,
372 3287 424 3342 per
437 3286 525 3342 quem
539 3267 638 3323 omnia
651 3266 780 3323 Domine
794 3285 908 3343 semper
920 3267 998 3324 bona
1011 3286 1100 3325 creas.
1144 3266 1204 3337 Qui
1216 3273 1324 3326 tecum.

207 3347 259 3404 Ad
272 3348 404 3405 Missum.
429 3365 431 3368 ·
447 3346 602 3405 Introitus.

207 3428 289 3485 Veni
321 3436 351 3486 et
385 3428 505 3486 ostende
538 3429 622 3486 nobis
649 3428 753 3486 faciem
780 3434 872 3501 tuam,
900 3428 1038 3502 Domine,
1066 3428 1118 3504 qui
1145 3428 1227 3486 sedes
1260 3447 1352 3507 anper

147 3508 299 3582 cherubin,
314 3517 344 3566 et
358 3509 433 3567 salvi
446 3510 562 3567 erimus.

207 3623 220 3649 ⁸
235 3623 298 3669 Here
309 3624 403 3670 follows
413 3626 453 3670 the
465 3625 589 3684 Colophon
599 3625 625 3671 in
635 3627 675 3672 tho
686 3625 783 3684 printed
795 3625 876 3672 books.
908 3625 952 3671 See
963 3625 1017 3672 Vol.
1028 3625 1044 3670 i.
1055 3639 1079 3685 p.
1091 3624 1132 3671 xii.

206 3701 220 3761 'p
231 3701 292 3746 This
303 3701 370 3746 Mass
380 3702 401 3746 is
411 3702 486 3746 found
496 3702 521 3746 in
532 3702 585 3749 MS.
595 3703 623 3759 C,
634 3702 796 3761 immediately
805 3703 868 3748 after
878 3703 919 3748 tho
932 3702 1114 3750 Commemoratio
1121 3701 1211 3748 Sancta
1219 3701 1351 3761 Trt'nitctie,

147 3760 191 3806 bnt
201 3759 304 3806 without
315 3761 354 3805 tho
364 3761 493 3806 Benedictio
503 3777 558 3807 uva.
589 3762 613 3808 It
623 3763 702 3807 varios
711 3763 773 3807 from
783 3762 824 3807 tho
835 3762 901 3807 Mass
911 3761 937 3806 in
947 3762 987 3806 the
997 3766 1057 3817 text,
1068 3775 1096 3806 as
1105 3760 1201 3806 follows
1207 3776 1245 3806 :-

184 3833 204 3877 1.
220 3834 234 3859 “
244 3831 359 3877 introitus.
390 3832 421 3876 In
432 3833 525 3877 excelso
535 3834 622 3878 throno
632 3833 683 3878 vidi
699 3833 780 3878 sedere
790 3833 871 3878 virum
881 3846 952 3892 quem
966 3833 1049 3878 adorat
1063 3832 1193 3878 multitudo
1206 3833 1349 3892 angelorum

146 3891 277 3952 psallentes
286 3891 312 3936 in
323 3904 407 3947 unum,
417 3891 479 3935 Ecce
490 3893 560 3950 cujus
571 3892 697 3950 imperium
708 3906 795 3937 numen
805 3899 843 3937 est
852 3893 878 3936 in
889 3896 1012 3938 aeternum.

220 3955 234 3978 “
243 3950 353 4031 Psalmup.
383 3951 399 3996 J
401 3950 491 3995 ubilato
502 3952 561 4009 Deo,
572 3951 650 3995 omnis
661 3955 737 3996 terra:
755 3952 844 3997 servite
855 3951 959 3996 Domino
969 3951 995 3996 in
1004 3951 1093 3998 letitia

222 4011 269 4054 “K
281 4009 330 4054 rio.

205 4071 226 4113 2.
243 4025 426 4114 Ithommences
435 4069 475 4114 tho
486 4069 580 4128 Epistle
590 4069 650 4113 with
661 4069 701 4114 the
711 4070 791 4114 words
802 4074 815 4097 “
824 4069 912 4114 thern
922 4069 1024 4115 fecimus
1034 4068 1105 4115 vobis
1118 4068 1235 4126 Domini?
1244 4069 1286 4116 dec.

205 4131 225 4172 :t
243 4129 292 4172 For
302 4128 342 4173 the
353 4127 477 4186 Sequencc
486 4128 506 4172 it
516 4129 585 4185 gives
595 4128 712 4173 “Laudes
722 4128 862 4186 Salvatori,‘'
872 4143 898 4174 as
908 4143 940 4174 on
950 4129 1035 4174 Bastar
1046 4129 1169 4187 Tuesday.

205 4189 226 4231 4.
243 4188 300 4232 And
311 4187 348 4231 for
358 4188 399 4232 tho
410 4187 660 4232 Postcommunion-.

218 4249 232 4273 “
242 4247 316 4301 Deus,
327 4246 369 4304 qui
379 4246 492 4291 hodierna
507 4247 544 4291 dio
560 4246 676 4292 incarnati
687 4246 762 4292 Verbi
772 4247 808 4293 tui
822 4247 1052 4305 Transfigurationo‚
1063 4250 1157 4317 tusique
1166 4246 1198 4292 ad
1207 4260 1263 4293 eum
1272 4246 1348 4294 misen

146 4306 297 4363 paternitatis
304 4319 361 4350 voce
368 4306 524 4362 consecrasti3
535 4306 621 4361 tribuo,
630 4320 778 4364 quaesumus,
786 4311 813 4352 ut
822 4306 910 4352 divinis
918 4306 981 4365 pasti
991 4307 1111 4352 alimoniis
1117 4320 1143 4351 ur
1150 4306 1204 4365 eJ'us
1213 4320 1348 4353 mereamur

146 4365 252 4409 membra
269 4365 402 4422 transferri,
416 4365 458 4423 qui
474 4365 524 4410 haec
541 4365 566 4409 in
582 4365 620 4410 sui
635 4366 749 4411 momoria
766 4366 817 4411 fleri
834 4365 955 4424 pracepit,
971 4365 1043 4411 Jesus
1057 4366 1171 4415 Christus
1191 4365 1272 4412 Filius
1287 4368 1347 4413 tuus

146 4423 265 4468 Dominus
275 4427 363 4481 noster,
374 4424 421 4478 Qui
436 4429 515 4470 tecum
525 4424 586 4471 vivit
602 4428 626 4471 et
642 4429 733 4482 regnet,
745 4425 774 4470 ln
789 4425 880 4472 unitoto
895 4424 1002 4483 Spiritus
1019 4425 1102 4472 Sancti
1119 4426 1193 4484 Deus,
1204 4425 1251 4472 Per
1266 4426 1348 4473 omnis

146 4483 233 4528 saecula
244 4483 392 4529 surculorum.
423 4484 522 4530 Amen.'’
