2910 4904
709 305 828 371 Proser.

251 473 345 550 Cujus
358 473 500 532 nativitas
513 479 558 531 est
571 479 637 530 orta
649 472 802 549 perspicua
815 471 864 529 dia
877 471 942 541 ista,

251 554 363 630 Ampla
375 555 479 612 mundi
491 573 581 630 regna
593 553 658 610 luce
671 572 779 628 magna
790 551 909 609 radians
922 550 1067 611 universa.

173 645 179 656 ‘
251 635 418 692 Harmonia
430 635 556 692 melodia
568 653 716 709 concrepa,
731 632 911 709 palinodiam
924 639 1011 690 canta
1023 652 1095 690 voce
1108 631 1286 703 laetabunda,

252 716 293 772 Et
301 716 399 790 jubila
411 715 554 773 clarisona
565 714 714 791 proclama
726 713 855 790 qualiter
868 715 922 770 liae
934 712 968 769 in
981 713 1028 770 die
1042 714 1082 770 sit
1094 718 1184 771 natus
1197 712 1343 789 Baptista.

250 795 382 854 Adstans
396 797 433 853 ab
450 796 511 853 alta
521 795 641 871 angelus
654 794 731 867 aula,
744 793 902 865 Abscedat,
917 793 1025 870 inquit,
1038 813 1138 870 pavor,
1154 792 1317 866 Zacharia3

252 876 365 934 Anima
377 896 459 944 sacra
471 876 588 953 placens
601 877 634 932 in
646 876 740 932 aethra
752 881 797 932 est
809 875 905 950 proles
918 875 956 932 ab
970 875 1025 931 hoc
1038 875 1108 932 data
1121 875 1178 931 tibi
1191 880 1297 951 grata;

251 956 310 1015 Per
329 976 419 1034 quam
438 957 568 1014 maxima
583 956 640 1014 tibi
658 956 764 1031 gaudia
781 955 911 1024 venient,
925 975 1040 1012 summa
1061 959 1092 1012 et
1108 954 1244 1032 tripudia
1248 975 1257 1028 3
1277 961 1364 1031 atque

330 1038 424 1095 multa
436 1038 575 1114 gaudebit
583 1037 713 1113 jocunda
725 1035 827 1113 populi
840 1044 940 1093 turma
953 1035 1128 1094 Christiana

250 1115 358 1175 Hunc*
371 1119 502 1194 gratuita
514 1117 562 1174 dei
574 1118 668 1194 gratia
681 1117 704 1175 J
705 1116 850 1174 ohannem
860 1116 981 1192 plenum
994 1122 1072 1174 certe
1085 1115 1215 1188 nomina,

250 1198 343 1255 Suum
358 1200 428 1274 quia
440 1204 589 1256 auctorem
601 1205 734 1255 materna
747 1197 857 1267 sentiet
869 1198 950 1254 intra
963 1197 1078 1255 clausus
1091 1203 1186 1255 antra

251 1278 392 1337 Zacharia
406 1278 516 1336 adhaec
529 1280 635 1336 nuntia
648 1285 781 1356 gestante
794 1287 912 1354 pectora
925 1277 1084 1350 incredula,

249 1359 343 1417 Fiunt
356 1373 441 1417 muta
453 1362 555 1418 statim
567 1359 654 1430 labia,
670 1379 778 1434 organa
791 1359 970 1416 clauduntur
982 1358 1123 1436 loquacia

249 1441 307 1498 Sed
320 1441 374 1499 hac
388 1449 490 1499 sancta
503 1442 672 1516 splendente
685 1460 786 1516 ymera
799 1439 869 1497 caelo
882 1458 989 1516 magna
1002 1446 1033 1497 et
1046 1440 1136 1497 danto
1148 1438 1273 1511 lumina,

250 1521 351 1578 Mater
362 1522 440 1579 alma
452 1542 505 1598 per
518 1521 649 1598 angelica
662 1522 752 1578 verba
765 1520 847 1578 adest
860 1521 936 1594 laeta,
952 1520 1084 1596 facunda,
1099 1519 1215 1579 florida.

251 1601 277 1659 Ο
290 1602 366 1659 mira
379 1623 485 1679 magna
497 1605 625 1679 gratiosa
638 1603 695 1660 Dei
710 1621 839 1658 munera

250 1684 323 1753 Quae
336 1683 437 1759 lingna
450 1689 536 1740 tanta
548 1683 628 1740 valet
641 1682 786 1758 explicare
799 1681 914 1756 gaudia

249 1763 349 1821 Mater
362 1764 518 1821 infecunda
527 1765 591 1840 jam
604 1764 730 1821 fecunda
741 1762 819 1838 gerit
830 1762 949 1820 viscera.

248 1844 339 1902 Pater
351 1851 420 1902 ante
433 1851 517 1902 muta
530 1865 609 1902 nunc
622 1854 724 1921 aperta
736 1842 841 1919 pandit
853 1842 939 1912 labia,
953 1861 1006 1918 per
1018 1842 1040 1901 J
1040 1842 1166 1901 ohannis
1177 1842 1299 1901 natalia

247 1925 345 1983 Adest
357 1945 426 2002 ergo
439 1945 546 2000 magna
560 1925 611 1982 illa
624 1926 728 1982 muudi
741 1925 853 1999 lampas
866 1923 1026 1999 splendida,

249 2006 321 2075 Quae
335 2012 380 2063 est
393 2012 462 2063 ante
475 2007 559 2064 saecla
573 2006 690 2064 Christo
704 2010 867 2082 praeparata
879 2023 1005 2061 consona
1018 2004 1159 2063 Davitica
1170 2002 1308 2063 melodia

249 2086 375 2143 Familia
388 2086 457 2142 inde
470 2088 600 2144 maxima
613 2089 703 2144 sumit
717 2107 751 2144 ac
760 2085 863 2161 jungit
876 2085 998 2142 canticis
1011 2086 1134 2144 cantica.

248 2167 417 2243 Propterea,
432 2167 564 2224 Ecclesia
576 2174 641 2224 toto
654 2169 724 2225 orbe
737 2175 885 2224 terrarum
897 2167 1002 2242 posita,

248 2247 330 2304 Offer
342 2248 488 2324 praeconia
502 2248 619 2306 Christo
633 2255 664 2305 et
675 2268 805 2320 munera,

248 2328 367 2400 Dicens,
383 2328 409 2386 Ο
423 2328 444 2386 J
445 2328 575 2386 ohannes
587 2337 724 2387 natorum
738 2330 876 2402 maxime,

248 2409 401 2468 intercede
414 2429 468 2483 pro
481 2416 583 2467 nostra
596 2411 728 2468 omnium
741 2410 805 2467 vita
817 2418 935 2470 aeterna.

698 2602 843 2660 XXVII.

501 2726 564 2803 (Da
583 2742 705 2784 saucius
724 2726 830 2785 Parno
850 2744 888 2784 nr
908 2726 1037 2803 Panno.)

227 2846 322 2904 Proso
335 2847 376 2903 od
389 2845 546 2921 Sequentia
560 2846 685 2905 Sanctus
699 2846 815 2905 Petrus

189 2953 191 2958 ·
229 2927 377 3003 Alleluya.

168 3024 300 3082 Acursa
314 3039 399 3081 asra
413 3041 574 3082 aaronem
587 3024 684 3083 caelica

168 3105 270 3162 Aurea
283 3106 337 3162 hac
351 3105 424 3177 luce,
440 3125 527 3180 quam
543 3112 638 3163 sacrat
651 3106 704 3162 lux
717 3106 877 3181 apostolica
888 3125 897 3179 3

170 3186 263 3255 Quam
280 3186 362 3243 Petri
374 3187 518 3261 Paulique
531 3206 671 3261 germana
683 3187 801 3244 decorat
814 3187 922 3244 laurea.

168 3267 248 3324 Nam
264 3267 371 3324 Petrus
384 3267 564 3325 Catholicam
579 3272 643 3323 toto
656 3268 725 3324 orbe
739 3269 863 3343 positam
875 3268 931 3325 sub
941 3266 1060 3325 Christo
1073 3265 1151 3343 regit
1164 3265 1350 3329 Ecclesiam:

169 3348 265 3418 Quam
279 3347 389 3404 Paulus
403 3347 541 3404 sublimia
553 3348 708 3404 fundatam
721 3368 775 3424 per
787 3348 925 3424 dogmata
938 3348 976 3405 ad
995 3367 1086 3423 regna
1099 3347 1240 3423 provehit
1253 3368 1369 3426 supera

169 3429 276 3485 Petrus
289 3429 402 3485 virtute
416 3435 517 3485 saucta
530 3431 651 3486 vincens
665 3429 830 3487 Simoniaca
849 3435 980 3487 monstra
992 3427 1159 3504 triumphat
1171 3426 1205 3485 in
1218 3428 1330 3505 gloria:

169 3509 280 3566 Paulus
293 3509 384 3566 herile
398 3529 513 3584 sperma
526 3515 722 3585 contorquens
736 3510 849 3585 Elymas
862 3509 987 3587 gemella
1000 3508 1160 3567 obcaecavit
1173 3508 1299 3570 lumina.

169 3591 291 3646 Petrum
301 3590 454 3646 marmoris
464 3590 539 3646 salsa
549 3591 724 3666 spoliantem
734 3591 880 3668 profunda
889 3591 992 3649 divina
999 3590 1116 3648 vocavit
1123 3589 1206 3663 tuba,
1214 3596 1372 3669 capturam

249 3690 308 3746 quo
323 3670 422 3727 trahat
436 3671 615 3729 humanam:

169 3751 355 3827 Paulumque
374 3751 408 3807 in
427 3751 449 3809 J
452 3752 533 3808 udaea
552 3758 740 3829 torquentem
755 3752 866 3811 Christi
879 3752 1011 3810 membra
1023 3752 1060 3810 de
1070 3750 1138 3809 sede
1150 3752 1370 3819 clamavitalta

249 3833 428 3908 perlustrans
442 3831 521 3890 hunc
533 3832 612 3889 alma
625 3833 764 3891 doctrina

168 3913 225 3970 Eia
237 3912 375 3988 praecelsa
394 3932 474 3969 nunc
493 3913 625 3988 angelica
645 3920 742 3971 turma
756 3933 904 3990 concrepa,
920 3919 950 3972 et
960 3914 1071 3971 resulta
1083 3931 1154 3970 voce
1163 3912 1246 3971 clara
1258 3912 1372 3973 Christi

247 3994 402 4070 praeconia,
417 4013 503 4069 quem
519 3997 666 4051 consessus
680 4004 725 4052 est
738 4014 798 4053 una
812 3996 918 4052 Petrus
932 3997 964 4051 in
978 3995 1094 4071 patria:

167 4075 279 4132 Paulus
292 4095 398 4132 arcana
406 4074 608 4150 contemplans
618 4095 705 4152 super
713 4075 815 4148 aethra,
824 4076 927 4133 lucifer
937 4077 1016 4133 int0r
1025 4082 1105 4132 astra
1112 4080 1212 4134 totum
1221 4074 1370 4135 mundun

249 4156 345 4214 clarus
358 4155 489 4227 irradiat,
505 4156 585 4212 etad
601 4157 670 4213 vitoe
684 4177 790 4232 pascua
802 4157 953 4215 credentes
965 4156 1098 4214 advocat
1179 4170 1185 4181 “

169 4236 292 4295 Petrum
306 4236 400 4293 ferrea
413 4238 566 4312 stringumt
579 4237 649 4309 lora,
665 4238 715 4294 sed
728 4238 782 4295 lux
791 4238 880 4315 eripit
889 4238 1040 4315 angelica3
1053 4236 1133 4295 unde
1141 4234 1193 4315 pio
1202 4236 1370 4299 cordula&

248 4318 410 4394 congaudet
425 4317 555 4375 Ecclesia
569 4337 575 4374 :

491 4445 504 4471 ¹
511 4444 610 4492 lise-¹⁸
616 4445 690 4506 Hac,”
698 4446 747 4494 end
755 4445 790 4509 by
799 4446 931 4495 correction
941 4450 956 4477 ⁸¹
963 4445 1052 4495 Hanc'
