2910 4904
128 313 169 375 92
585 309 682 378 Festo
703 310 862 396 Augusti.

125 475 258 570 sionibus
285 476 473 615 epnfidentes,
498 496 552 535 neo
579 477 669 536 minis
695 477 918 539 adversantium
944 497 1000 539 nec
1026 479 1089 540 ullo
1116 480 1330 539 conturbemur

125 577 255 615 mcursu.
325 577 364 616 cr.

186 639 328 714 Epistola.
371 637 483 697 Beatus
496 640 545 696 vir
558 640 610 717 qui
623 640 656 696 in
670 639 823 717 sapientia.

190 718 324 780 G‘rodola.
366 719 477 778 Beatus
491 721 546 779 vir.

187 799 337 876 Alleluya.
387 801 416 860 V.
438 801 460 860 J
461 807 546 858 ustus
559 820 620 859 non
633 802 869 861 conturbabitur.

188 881 389 956 Evangelicua.
432 881 600 940 Secundum
613 882 795 942 Mattlaoeum.
839 883 872 941 si
886 883 952 960 quis
965 883 1033 943 vult
1045 889 1114 961 post
1126 903 1176 943 me
1190 884 1301 944 venire

190 961 383 1036 Offcrtora'um.
426 962 566 1021 Posuisti.

108 1094 114 1105 ,
189 1042 311 1101 Secreta.

190 1123 315 1196 Oblatis,
340 1123 478 1198 Domine,
500 1124 618 1201 placare
641 1125 823 1197 muneribus,
849 1131 880 1183 et
906 1124 1109 1185 intercedente
1136 1127 1226 1187 beato
1252 1126 1336 1186 Rufo

128 1211 259 1280 martyre
272 1212 335 1279 tuo,
350 1225 368 1262 a
381 1206 497 1263 cunetis
511 1225 565 1264 nos
578 1205 702 1264 defende
715 1206 862 1283 perieulis.
905 1206 971 1265 Per.

194 1285 377 1346 Commendo.
421 1287 482 1357 Qui
494 1287 577 1344 milri.

190 1368 432 1426 Poatooouaunc‘o.

192 1449 365 1507 caelestibus
379 1449 483 1506 refecti
496 1449 689 1506 sacramentis
702 1455 732 1506 et
745 1449 860 1526 gaudiis
874 1448 1019 1527 supplices
1032 1455 1064 1508 te
1077 1469 1227 1527 rogemus,
1241 1451 1337 1508 omni-

129 1536 234 1669 pptens
248 1530 339 1602 Deus,
354 1535 390 1587 ut
404 1549 530 1606 quorum
543 1530 705 1607 gloriamur
718 1530 888 1608 triumphis,
903 1536 1095 1608 protegamur
1107 1532 1237 1591 auxiliis.
1278 1532 1338 1590 Per

162 1631 303 1669 ominum.

232 1805 344 1862 Sauerr
365 1807 552 1877 Aucusmru,
574 1822 709 1865 nr1seor1
732 1823 769 1864 nr
789 1822 944 1866 noeroam.
988 1806 1028 1885 (v.
1045 1807 1115 1866 Kal.
1133 1807 1232 1889 Sept.)

194 1949 333 2024 Officium.
376 1952 415 2009 In
429 1950 533 2009 medio.

199 2031 305 2088 Oratio.

193 2111 307 2168 Adesto
318 2111 583 2187 supplicationibus
597 2114 715 2186 nostris,
728 2115 915 2190 omnipotens
930 2114 1021 2187 Deus,
1030 2120 1061 2172 et
1071 2115 1182 2190 quibus
1196 2115 1337 2174 fiduciam

133 2192 283 2269 sperandeo
303 2193 424 2269 pietatis
444 2193 588 2271 indulges,
602 2194 804 2252 intercedente
817 2195 904 2252 beato
917 2196 1089 2271 Augustino
1102 2196 1271 2255 confessore
1284 2204 1338 2255 tuo

133 2280 223 2413 33qu
243 2274 390 2348 pontifice,
413 2281 559 2332 consuetae
577 2276 785 2332 misericordiae
802 2277 900 2333 tribue
919 2276 1065 2353 benignus
1086 2278 1233 2336 effectum.
1278 2277 1338 2335 Por

165 2374 306 2412 ommum.

194 2435 234 2491 M
231 2436 340 2492 errario
353 2435 387 2493 de
401 2447 499 2495 senato
512 2437 653 2495 Hermate.

194 2516 336 2591 Epistola.
380 2517 455 2575 Ecce
469 2519 603 2576 sacerdos
616 2538 741 2594 magnus
755 2518 854 2595 quiin
868 2519 932 2576 vita
945 2537 1005 2577 sua

198 2596 332 2657 Gradale.
376 2598 452 2656 Ecce
466 2600 606 2657 sacerdos.

195 2677 344 2754 Alleluya.
393 2680 422 2737 V.
446 2680 537 2737 Posui
550 2680 738 2756 adjutorium.

195 2760 358 2832 Sequentia.
401 2761 498 2818 Adest
511 2762 605 2833 nobis,
620 2770 654 2818 et
668 2761 701 2817 ia
716 2760 881 2818 Consentini.

196 2841 396 2916 Evangeliem.
440 2842 504 2899 Vos
519 2843 588 2899 estis
602 2842 655 2898 lux
669 2842 781 2899 mundi.

198 2923 300 2980 Credo.

198 3003 392 3079 Offcrtorium.
436 3002 563 3062 Veritas.

196 3085 317 3143 Secreta.

198 3165 300 3223 Sancti
321 3164 492 3222 confessoris
508 3165 555 3221 tui
569 3165 742 3241 Augustini,
758 3164 894 3237 Domine,
911 3163 960 3241 pia
973 3182 1034 3220 non
1048 3163 1125 3220 desit
1138 3164 1254 3238 oratio;
1274 3184 1339 3241 qua

138 3252 168 3302 et
191 3266 315 3304 mrmera
338 3246 439 3303 nostra
462 3245 519 3303 tibi
543 3246 687 3318 conciliet,
710 3252 739 3303 et
763 3252 847 3302 tuam
873 3245 958 3303 nobis
981 3244 1198 3322 indulgentiam
1225 3264 1341 3323 semper

138 3328 278 3384 obtineat.
322 3326 387 3383 Per.

200 3407 379 3468 Communia.
423 3406 533 3464 Fidelis
547 3427 657 3465 servus.

198 3486 458 3547 Ροθίοονητηαηῑόἒε

200 3571 247 3628 Ut
270 3570 364 3641 nebiS,
387 3570 522 3641 Domine,
545 3576 597 3626 tua
618 3568 758 3626 sacrificia
777 3569 848 3626 dent
868 3569 1001 3639 salutem,
1024 3568 1129 3625 beatus
1152 3568 1341 3645 Augustinus

139 3651 285 3707 confessor
318 3658 388 3707 tuus
422 3658 510 3726 atque
544 3650 687 3726 pontifex,
722 3669 896 3725 ‹liiaesumus
931 3655 1065 3726 precator
1097 3649 1225 3707 accedat
1283 3648 1342 3707 Per

140 3730 310 3790 Dominum.

252 3935 363 3990 Eonnn
383 3951 437 3990 nin
458 3949 563 3991 seueri
585 3934 757 4005 Hanunms,
781 3938 943 3991 nnurrms.
986 3933 1024 4011 (v.
1042 3933 1112 3991 Kal.
1129 3932 1226 4011 Sept.)

203 4085 342 4160 Officium.
386 4086 407 4142 J
409 4091 493 4143 ustus
507 4106 568 4142 non
581 4087 816 4143 conturbabitur.

204 4167 312 4224 Oratio.
588 4225 592 4230 ,

202 4248 291 4319 Deus,
307 4247 359 4324 qui
372 4248 491 4303 beatum
506 4248 681 4304 Hermetem
696 4252 856 4323 martyrem
877 4253 964 4304 tuum
984 4247 1099 4304 virtute
1119 4250 1296 4306 constantie
1308 4249 1338 4305 iu

202 4400 214 4423 ³*
230 4400 283 4444 MS.
294 4400 490 4457 D.-Sumentes,
501 4400 610 4457 Domine,
622 4401 737 4445 salutaria
747 4405 895 4446 sacramenta
905 4414 1049 4460 quesumus,
1059 4402 1086 4445 ut
1096 4401 1148 4459 ejus
1162 4400 1257 4447 tribuas
1271 4400 1338 4447 nobis

143 4459 256 4516 subsequi
267 4460 414 4516 documenta,
425 4460 494 4518 quus
504 4460 650 4505 celebramus
661 4460 767 4516 gloriosa
777 4461 907 4506 sollemnia.
938 4461 985 4506 Per
996 4460 1134 4505 Dominum.
