2910 4904
147 288 209 349 100
581 285 677 350 Festo
698 282 903 370 Septembris.

206 451 350 509 Memorio
363 452 398 510 de
411 460 509 510 sancto
524 451 674 527 Gorpooio.
718 451 826 509 Oratio.

206 532 315 610 Beatus
342 539 456 608 martyr
488 538 559 590 tuus
593 533 767 608 GorgoniuS,
795 531 932 602 Domine,
961 549 1014 587 sua
1046 548 1100 587 nos
1133 526 1343 586 intercessione

144 611 282 684 laetificet,
298 619 329 670 et
341 613 391 690 pia
404 614 493 671 faciat
506 614 703 671 sollemnitate
716 612 850 689 gaudere.
894 611 952 670 Per
964 610 1136 668 Dominum.

205 705 346 780 Epistola.
390 707 441 763 Ab
454 707 551 763 initio.

207 798 341 858 Grodole.
385 799 554 858 Benedicta.

205 879 355 955 Alleluya.
404 881 432 940 V.
456 881 528 938 Post
541 886 661 957 partum
674 880 766 957 virgo,

204 971 362 1047 Sequentia
374 972 459 1048 infru
475 973 604 1043 Octooos,
619 982 653 1029 ut
665 973 751 1050 infru
766 971 888 1031 Octoooa
901 971 1126 1048 desusceptioois.

204 1064 405 1140 Eooropele'uoa
449 1066 602 1142 Loquente
616 1066 638 1123 J
640 1085 697 1124 esu.

104 1188 106 1193 ·
207 1157 398 1232 Offirtoriom.
441 1159 528 1216 Felix
541 1178 677 1235 namque.

206 1250 326 1310 Secreto.
370 1252 538 1329 Unigeniti.

205 1344 231 1400 A
254 1345 260 1356 “
405 1389 412 1401 .

206 1344 431 1496 (ἔξιαῶῐαεῖἱοζίθιὲὴ,
446 1425 582 1497 Domine,
598 1444 772 1501 quaesumus,
788 1432 896 1482 nostrae
909 1424 1062 1483 servitutis
1080 1422 1200 1494 oblatio,
1215 1442 1270 1499 pro
1284 1441 1344 1499 qua

144 1511 264 1562 sanctus
278 1506 444 1582 Gorgonius
458 1511 573 1581 maityr
586 1506 774 1564 interveniat.
817 1506 877 1564 Per
890 1507 1062 1564 Dominum.

206 1599 355 1673 Praefatio.
400 1599 442 1656 Et
454 1604 485 1656 te
498 1599 532 1656 in
545 1595 713 1658 nativitate.

207 1691 388 1749 Commutatio.

108 1798 112 1804 ·
205 1771 298 1829 Beata
312 1773 424 1830 viscera
438 1772 542 1830 Mariae
556 1772 687 1849 virginio,
703 1792 768 1849 quae
782 1777 976 1849 portaverunt
989 1773 1094 1831 aeterni
1106 1773 1206 1832 Patris
1220 1772 1342 1831 Filium.

204 1866 444 1924 Posteommuoe'o.
488 1865 681 1942 sumpsimus
698 1867 833 1924 Domine.

206 1956 279 2014 Alio
292 1959 533 2018 Postcommunio

206 2037 363 2096 Familiam
383 2045 475 2110 tuam,
491 2038 626 2111 Domine,
643 2039 772 2097 suavitas
796 2039 848 2096 illa
869 2039 1021 2116 contingat
1044 2045 1074 2098 et
1095 2046 1222 2117 vegetet,
1237 2041 1344 2118 quain

145 2125 276 2256 slipartpre
300 2125 353 2177 tuo
378 2118 659 2206 Gorgomossh1·iati
679 2121 726 2177 tui
747 2121 825 2178 bono
848 2120 936 2178 odore
953 2121 1068 2201 jugiter
1087 2124 1232 2199 pascatur.
1284 2121 1345 2180 Per

178 2219 318 2258 ominum.

521 2381 637 2439 Teano
658 2398 712 2438 nia
733 2381 783 2458 (iv.
799 2381 844 2438 Id.
861 2381 965 2460 Sept),

558 2477 629 2534 Nisi
636 2477 735 2551 fiterit
749 2477 810 2535 dies
823 2479 924 2537 Looae.

207 2614 347 2689 Officium.
390 2614 576 2672 Gaudeamus
590 2615 691 2673 omnes
704 2616 736 2673 in
750 2616 888 2675 Domino

208 2696 316 2753 Oratio.
359 2695 618 2771 supplicationem

206 2775 347 2851 Epistol.
391 2777 520 2852 Oquam
534 2777 664 2853 pulchra.

208 2855 340 2913 Grodole.
383 2858 468 2914 Audi
480 2857 550 2915 filia.

206 2937 355 3012 Alleluya.
404 2937 433 2996 V.
457 2938 616 2996 Nativitaa.

206 3017 406 3091 Eoooepeliueet.

207 3097 337 3155 Intravit
350 3099 372 3156 J
374 3119 437 3156 esus
451 3099 483 3155 in
498 3098 643 3176 quoddam
657 3100 818 3173 castellum,
834 3121 927 3176 quere
940 3102 975 3160 iu
988 3103 1035 3160 die
1048 3102 1272 3178 Assooeptioois.

209 3188 400 3262 Offirtoriuoi.
442 3192 510 3249 Ave
525 3192 630 3251 Maria.

208 3269 388 3329 Commendo.
430 3272 597 3330 Benedicta.

206 3351 382 3409 Alteonotim
404 3352 488 3427 infru
513 3353 633 3411 Octavus
656 3355 794 3414 deuotum
817 3357 860 3414 lice
881 3357 947 3414 desse
967 3357 1074 3428 Missos,
1088 3358 1132 3416 iso
1152 3367 1249 3416 tonsam
1261 3354 1341 3435 quood

144 3453 254 3508 semper
267 3433 302 3490 io
314 3434 360 3490 dic
371 3433 528 3491 Dominico
538 3434 654 3492 dicotur
665 3435 805 3510 Officium,
818 3437 1021 3511 Gaudeamus3
1034 3447 1060 3496 et
1069 3438 1104 3496 io
1113 3438 1202 3498 Ferte
1211 3440 1339 3500 secuuda

142 3514 273 3588 sequenti
286 3514 402 3572 dicatio·
417 3514 555 3589 Officium,
571 3516 667 3588 Salve,
680 3524 780 3575 sancta
793 3537 905 3597 parens.

343 3760 392 3816 Dn
413 3775 524 3818 sauono
547 3761 716 3835 Goaoomo,
739 3779 888 3820 nannius.
934 3764 972 3841 (v.
989 3765 1033 3825 Id.
1050 3764 1142 3845 Sept)

209 3906 347 3981 Officium..
391 3908 492 3965 Gloria
505 3914 535 3964 et
549 3908 665 3967 honore.

206 3988 346 4063 Epistola.
391 3988 501 4045 Beatus
514 3989 569 4060 vir,
585 3990 637 4065 qui
650 3991 788 4048 inventus
802 3998 840 4050 et.

208 4068 340 4126 Grodole.
383 4069 496 4126 Posuit.

206 4149 351 4224 Alleluya.
401 4150 430 4207 V.
452 4151 559 4208 duetus
572 4169 633 4207 non
647 4152 877 4212 conturbabitur.

205 4229 404 4304 Eoouqeliuoe.
449 4231 480 4288 Si
494 4231 559 4306 quis
572 4232 655 4289 venit
668 4233 705 4290 ad
719 4253 772 4291 me.

208 4308 396 4382 Offlrumium.
439 4311 575 4368 Posuisti.

206 4390 387 4450 Communia
430 4391 541 4469 Magna
554 4399 599 4452 est
611 4394 704 4471 gloria
718 4395 787 4470 ejus.
