2910 4904
418 315 443 378 Ι
441 337 467 379 a
481 315 603 381 Natali
618 314 727 380 naias
740 315 904 399 Apostoli.

414 543 455 600 In
475 541 599 600 Nasam
621 559 715 601 unius
735 543 896 602 Arosronr.

121 638 261 716 Officium.

118 721 199 778 Mihi
212 726 312 778 autem
325 721 415 778 nimis
432 720 569 778 honorati
592 727 662 778 sunt
683 721 770 779 amici
790 721 845 794 tui,
862 720 951 793 Deus,
968 720 1057 777 nimis
1078 722 1259 780 confortatus

57 807 103 860 est
116 802 300 878 principatus
314 820 423 858 eorum.

118 883 161 939 In
176 892 297 958 tempore
310 880 457 954 Pasclvoli,
472 882 620 958 Alleluya.

120 963 267 1021 Psobnas.

118 1043 255 1114 Domine,
266 1043 398 1120 probasti
410 1063 457 1100 me
471 1048 501 1099 et
515 1043 677 1120 cognovisti
690 1063 755 1102 me:
772 1050 807 1100 tu
818 1044 982 1120 cognovisti
996 1043 1153 1101 sessionem
1161 1065 1256 1102 meam

60 1130 90 1181 et
103 1125 346 1182 resurrectionem
360 1143 463 1185 meam.

121 1204 230 1262 Oratio.

119 1285 301 1358 Quaesumus,
331 1285 514 1361 omnipotens
538 1285 629 1357 Deus,
657 1291 693 1342 ut
719 1286 823 1343 beatus
850 1286 998 1361 apostolus
1025 1285 1065 1342 N.
1092 1293 1178 1344 tuum
1202 1307 1255 1364 pro

57 1365 143 1423 nobis
156 1366 293 1443 imploret
306 1367 452 1423 auxilium
461 1387 470 1438 3
490 1371 556 1423 uta
568 1367 677 1423 nostris
695 1369 824 1424 reatibus
845 1367 974 1424 absoluti
993 1386 1011 1423 a
1031 1368 1144 1424 cunctis
1165 1368 1255 1425 etiam

57 1447 196 1522 periculis
209 1466 354 1504 eruamur.
397 1447 455 1504 Per
469 1447 638 1504 Dominum.

119 1527 323 1585 Plurimoruoa
337 1527 537 1602 apostolicam.
702 1589 705 1594 ,

118 1607 208 1679 Deus,
231 1609 356 1684 quinos
376 1628 474 1665 annua
497 1608 695 1684 apostolorum
716 1608 755 1666 N.
780 1614 810 1666 et
831 1608 870 1664 N.
894 1607 1090 1665 sollemnitate
1114 1608 1253 1680 laetificas,

55 1695 173 1763 presta,
189 1708 363 1764 quaesumus
379 1694 414 1745 ut
434 1708 559 1764 quorum
581 1689 741 1765 gaudemus
763 1689 883 1760 meritis,
899 1689 1082 1745 instruamur
1101 1689 1250 1764 exemplis.

56 1768 118 1826 Per
131 1769 300 1826 Dominum.

118 1849 169 1906 Ad
183 1850 321 1924 Ephesios
334 1848 383 1926 (lt.
402 1850 516 1926 19-22).

118 1931 255 1987 Fratres:
279 1931 343 2006 jam
364 1950 424 1987 non
447 1932 518 1988 estis
539 1931 667 2006 hospites
688 1951 778 2005 usqae
804 1932 845 1988 aot
867 1929 1121 1988 inhabitaculum
1141 1930 1200 1987 Dei
1221 1931 1253 1988 in

57 2010 174 2086 Spiritu
187 2011 302 2068 Sancto.

118 2091 169 2148 Ad
181 2091 327 2149 Rotnonos
341 2090 420 2168 (citt.
437 2092 551 2170 28-39).

118 2172 256 2230 Fratres:
292 2173 406 2229 Scimus
433 2174 571 2248 quoniam
606 2172 795 2248 diligentibus
829 2173 928 2230 Deum
962 2173 1060 2229 omnia
1093 2193 1184 2248 usqae
1213 2175 1253 2231 ool

56 2271 189 2329 separare
202 2273 221 2310 a
234 2254 357 2311 caritate
371 2254 437 2325 Dei,
453 2274 517 2330 quae
532 2254 623 2311 estin
637 2254 754 2310 Christo
768 2255 790 2312 J
791 2274 842 2311 esu
856 2255 985 2311 Domino
999 2260 1107 2310 nostro.

117 2334 216 2392 Lectio
228 2334 358 2391 Actaeam
370 2333 572 2409 Apostolorum
586 2334 627 2411 (o.
646 2335 759 2413 12-16).

120 2415 161 2472 In
181 2415 285 2472 diebus
311 2414 380 2487 illis,
406 2415 464 2472 Per
485 2435 588 2472 manus
612 2416 810 2491 apostolorum
831 2416 941 2472 fiebant
964 2416 1048 2491 signa
1068 2422 1099 2472 et
1120 2416 1253 2491 prodigia

60 2495 157 2552 multa
183 2516 272 2570 usqae
301 2497 341 2552 acl
367 2502 397 2553 et
424 2502 545 2554 vexatos
572 2517 590 2553 a
614 2496 765 2572 spiritibus
789 2497 968 2553 immundis:
995 2497 1047 2570 qui
1074 2498 1253 2556 curabantur

60 2595 169 2634 omnes.

118 2657 253 2715 Gratata.

116 2736 287 2796 Constitucs
319 2757 368 2794 eos
394 2738 540 2814 principes
574 2757 661 2814 super
688 2758 804 2795 omnem
832 2743 961 2795 terram:
994 2758 1136 2797 memores
1163 2745 1251 2796 erunt

57 2819 187 2875 nominis
198 2819 253 2891 tui,
268 2819 404 2878 Domine.

62 2898 90 2955 V
134 2898 195 2956 Pro
208 2899 343 2976 patribus
356 2901 416 2956 tuis
430 2900 495 2956 nati
508 2905 579 2956 sunt
592 2901 650 2957 tibi
663 2901 735 2958 filii:
749 2904 904 2976 propterea
916 2901 1018 2976 populi
1032 2901 1251 2959 confitebuntur

58 2979 122 3036 tibi.

118 3058 254 3117 Gradolc.
443 3135 445 3138 .

115 3140 157 3198 In
177 3160 295 3198 omnem
308 3147 417 3198 terram
431 3142 527 3199 exivit
547 3162 635 3199 sonus
655 3162 773 3200 eorum:
794 3148 824 3199 et
837 3143 870 3198 in
883 3142 956 3199 fines
970 3143 1048 3199 orbis
1061 3148 1147 3199 terrae
1161 3143 1251 3200 verba

58 3241 166 3278 eorum.

62 3301 90 3359 V.
113 3302 188 3360 Caeli
208 3308 348 3359 enarrant
361 3303 484 3378 gloriam
499 3303 577 3362 Dei:
598 3309 628 3361 et
643 3323 731 3379 opera
744 3323 885 3361 manuum
907 3304 970 3380 ejus
983 3304 1143 3360 annuntiat
1155 3304 1250 3361 firma-

56 3389 199 3440 mentum

51 3487 54 3490 “
117 3463 255 3520 Gradolc.

115 3543 218 3601 Nimis
231 3543 368 3601 honorati
388 3549 459 3602 sunt
479 3546 566 3602 amici
580 3545 634 3617 tui,
650 3546 748 3602 Deus:
769 3545 858 3602 nimis
879 3545 1060 3602 confortatus
1081 3552 1126 3603 est
1144 3546 1250 3622 princi-

57 3631 145 3699 patus
159 3643 267 3681 eorum.

63 3705 91 3762 V.
114 3704 318 3762 Dinumerabo
332 3725 380 3762 eos
391 3727 397 3762 :
410 3711 441 3763 et
454 3726 541 3781 super
554 3726 673 3763 arenam
686 3707 775 3763 maris
785 3706 1071 3781 multiplicabuntur.

115 3786 264 3862 Alleluya.
313 3786 342 3843 V.
365 3786 405 3842 In
428 3807 544 3844 omnem
567 3793 678 3844 terram
698 3788 792 3844 exivit
816 3807 904 3844 sonus
925 3807 1047 3845 eorum:
1071 3788 1154 3845 etin
1174 3787 1250 3844 fines·

56 3868 136 3924 orbis
149 3872 237 3924 terrae
251 3867 341 3924 verba
353 3886 462 3924 eorum.

115 3947 265 4023 Alleluya.
313 3948 343 4005 V.
376 3948 475 4005 Nimis
495 3948 633 4006 honorati
660 3953 730 4006 sunt
757 3949 843 4006 amici
866 3949 920 4019 tui,
944 3951 1047 4007 Deus:
1068 3948 1158 4005 nimis
1179 3967 1246 4004 eon·

55 4029 183 4085 fortatus
198 4033 242 4085 est
255 4028 436 4104 principatus
451 4049 559 4086 eorum.

113 4108 263 4184 Alleluya.
311 4110 340 4167 V.
364 4110 435 4166 Non
449 4130 500 4166 vos
519 4130 567 4167 me
580 4110 725 4185 elegistis:
746 4110 796 4166 sed
810 4130 863 4186 ego
875 4130 928 4167 vos
940 4111 1024 4186 elegi,
1040 4115 1070 4166 et
1083 4108 1168 4185 posui
1182 4127 1244 4180 vos,

54 4198 89 4246 ut
102 4191 186 4262 eatis,
203 4196 233 4246 et
246 4191 376 4247 fructum
390 4191 526 4260 afferatis,
542 4196 572 4248 et
588 4191 701 4248 fructus
714 4197 813 4248 vester
825 4197 951 4248 maneat.

112 4270 262 4347 Alleluya.
311 4270 340 4329 V.
357 4271 416 4328 Per
425 4292 531 4329 manus
540 4277 640 4329 autem
648 4273 847 4348 apostolorum
855 4273 965 4330 fiebant
974 4272 1057 4348 signa
1070 4277 1101 4327 et
1114 4268 1248 4347 prodigia

52 4352 150 4409 multa
163 4352 196 4408 in
210 4351 304 4428 plebe.
673 4402 676 4406 .

111 4432 154 4491 In
167 4432 252 4491 Festo
263 4432 355 4490 auitas
368 4433 425 4491 sica
433 4433 633 4510 plurimorum
646 4433 846 4510 apostoloram.
