2910 4904
616 306 712 369 Festo
735 305 838 369 Joto‘i.

206 525 318 581 Ecnnn
339 541 393 581 mn
414 540 595 582 ssucrouun
617 523 764 580 Psocnssr
785 539 823 579 nr
844 521 1243 594 hissn1unm1‚smurrnun.

603 627 654 706 (vi.
672 629 752 685 Non.
767 628 789 685 J
791 628 847 705 ul.)

186 752 330 828 Officium.
373 755 395 812 J
397 755 559 812 udicabunt
573 756 675 812 sancti.

187 835 299 893 Oratio,

186 915 279 987 Deus,
294 916 346 991 qui
366 935 419 972 nos
440 922 608 973 sanctorum
629 923 794 992 martyrum
813 921 932 973 tuorum
954 916 1087 973 Processi
1101 923 1131 973 et
1150 917 1327 975 Martiniani

124 996 356 1055 confessionibus
376 997 509 1072 gloriosis
530 998 693 1054 circumdas
708 1003 738 1054 et
751 998 900 1073 protegis:
922 998 1057 1054 danobis
1072 1004 1102 1054 et
1116 1018 1217 1055 eorum
1230 999 1327 1056 imita·
1386 1034 1392 1051 .

126 1078 207 1135 tione
220 1078 372 1154 proficere,
387 1083 418 1134 et
430 1078 639 1134 intercessione
652 1079 788 1152 gaudere.
832 1079 891 1135 Per
905 1078 1078 1137 Dominum.

185 1158 330 1234 Epistola.
374 1158 476 1215 Sancti
490 1178 543 1234 per
556 1159 652 1215 fidem.

187 1238 324 1296 Grodol.
368 1239 580 1296 Exsultabunt.

185 1319 337 1395 Alleluya.
387 1319 416 1377 V.
440 1319 542 1376 Sancti
557 1320 612 1390 tui,
627 1320 765 1390 Domine,
781 1321 967 1378 benedicent.

187 1400 390 1473 Eooopeliuoi.
434 1398 510 1457 Cum
524 1401 678 1457 audieritis
691 1401 800 1477 proelia.

188 1480 380 1555 Offirtorium.
425 1481 649 1538 Gloriabuntur.

188 1560 310 1618 Secreto.

188 1642 318 1718 Suscipe,
335 1642 472 1714 Domine,
493 1662 592 1718 preces
612 1649 642 1699 et
666 1663 789 1699 munera
813 1643 920 1715 oblata,
936 1664 1001 1718 quae
1026 1650 1060 1700 ut
1081 1651 1134 1700 tuo
1154 1644 1215 1701 sint
1236 1645 1326 1718 dignu

132 1729 295 1798 conspectu,
321 1728 489 1780 sanctorum
514 1729 680 1799 martyrum
701 1730 821 1781 tuorum
844 1723 977 1781 Processi
999 1731 1029 1781 et
1052 1725 1239 1797 Mummiam,
1265 1746 1327 1802 pre-

134 1800 409 1880 cibus'adjuvemur.
454 1804 512 1861 Per
526 1805 697 1862 Dominum.

190 1883 373 1942 Ocromuoio.
416 1885 530 1942 Anima
543 1894 652 1942 nostra.

191 1965 451 2023 Postcommuoio.*

190 2046 327 2123 Corporis
354 2047 429 2104 sacri
456 2052 486 2104 et
513 2047 634 2123 pretiosi
668 2047 820 2122 sanguinis
847 2047 954 2123 repleti
981 2048 1122 2106 libamine
1149 2068 1325 2124 quaesumus,

142 2123 256 2184 Domine
271 2127 354 2184 Deus
367 2133 477 2199 noster,
492 2135 528 2184 ut
541 2129 620 2204 quod
634 2128 683 2204 pia
697 2128 855 2185 devotione
875 2129 1013 2205 gerimus,
1028 2136 1109 2186 certa
1124 2131 1327 2207 redemptione

145 2207 285 2282 cupiamus.
330 2208 389 2264 Per
403 2209 574 2266 Dominum.

179 2413 270 2475 Psmo
292 2435 346 2474 orn
367 2433 462 2475 rurus
483 2416 624 2474 Ocrnvns
646 2416 883 2486 Arcsronoscur,
906 2417 1070 2490 qurirtdofit
1084 2418 1118 2472 de
1132 2417 1284 2491 Apostolis.

197 2559 333 2635 Officium.
378 2560 458 2616 Mihi
471 2566 579 2619 autem.

198 2641 302 2699 Oratio,
347 2641 438 2712 Deus
454 2643 506 2717 qui
521 2642 692 2698 hodiernam
706 2641 792 2698 diem.

195 2722 330 2798 Epistola.
375 2721 488 2779 Scimus
503 2723 644 2796 quoniam
658 2721 851 2798 diligentibus
866 2721 973 2777 Deum.

199 2801 328 2861 Grodole.
371 2803 411 2859 In
425 2823 541 2859 omnem
555 2809 673 2859 terram

198 2885 341 2960 Alleluya.
391 2885 419 2941 V.
443 2884 543 2940 Nimis
556 2883 701 2939 honorati.

197 2964 354 3040 Sequentia.
399 2965 467 3021 Hac
488 2965 520 3020 111
545 2965 592 3021 die
609 2964 652 3021 cel
673 2965 712 3020 In
735 2963 878 3032 sollemni,
895 2973 928 3020 ot
952 2964 1168 3034 indomitum,
1191 2966 1331 3023 dicautur

143 3037 310 3116 demotos,
323 3055 349 3102 et
362 3045 451 3102 etium
461 3045 495 3101 irc
505 3045 662 3102 Dominicis
672 3045 756 3119 infru
769 3044 899 3116 Octavus,
911 3055 936 3102 et
951 3045 984 3102 111
996 3045 1110 3103 Oetacis
1120 3047 1330 3121 Apostolorum.

199 3127 396 3201 Eooropelium.
440 3126 507 3182 Hoc
521 3132 565 3182 est
578 3135 765 3202 praeceptum.

201 3207 391 3281 Offertoriuot.
436 3207 515 3263 Mihi
529 3214 636 3263 autem.

201 3287 376 3346 Oommuoio.
420 3288 485 3345 Vos
499 3288 551 3363 qui
565 3289 657 3345 secuti
672 3288 744 3344 estis
759 3307 813 3344 mc.

619 3501 762 3558 Sucuuoo
784 3516 846 3555 om.

202 3613 337 3689 Officium.
383 3613 461 3669 Mihi
477 3618 584 3669 autem.

203 3696 306 3752 Oratio.
352 3695 433 3750 Deus
447 3695 499 3769 qui
512 3694 692 3750 hodiernam.

201 3776 312 3850 Epistol
333 3819 339 3832 .
383 3774 440 3831 Per
455 3795 559 3831 munus
573 3773 781 3849 apostolorum.

203 3856 333 3914 Grodole.
377 3855 476 3911 Nimis
490 3855 634 3911 honorati

200 3938 345 4012 Alleluya.
395 3937 423 3992 V.
447 3936 506 3992 Per
520 3955 625 3991 manus
639 3933 847 4010 apostolorum.

201 4018 397 4092 dvonyetiom.
441 4017 533 4072 Facta
546 4023 590 4072 est
604 4015 764 4072 contentio,

203 4099 395 4171 Qffertortom.
439 4098 478 4153 In
492 4117 609 4153 omnem
624 4105 741 4152 terrum.

201 4178 382 4237 Communia
426 4179 489 4253 Ego
503 4198 555 4234 vos
569 4178 652 4251 elegi.

200 4332 212 4355 ¹
229 4332 280 4376 MS.
292 4331 505 4386 D.-Quaesumus,
516 4329 624 4383 Domino,
637 4329 720 4372 divino
730 4328 812 4373 refecti
827 4327 950 4384 mysterio,
962 4331 987 4371 ut
999 4328 1040 4385 qui
1056 4332 1192 4373 sanctorum
1202 4335 1335 4390 martyrum

146 4395 236 4435 tuorum
246 4390 356 4435 Processi
366 4395 390 4434 et
398 4389 538 4433 Martiniuni
548 4388 675 4446 temporali
687 4388 906 4432 commemoratione
918 4387 1056 4444 gaudemus,
1066 4401 1149 4431 corum
1159 4388 1336 4435 intercessioni⁴
1351 4393 1353 4399 ’

146 4449 187 4495 bus
197 4450 222 4495 in
232 4464 258 4496 ea
267 4462 422 4495 muneremur
433 4453 496 4494 sorte
507 4448 634 4504 salutis,i11
645 4461 692 4506 quo
699 4447 735 4491 illi
747 4451 803 4492 sunt
814 4452 854 4491 tua
866 4447 943 4503 gratia
953 4445 1058 4502 gloriosi.
1090 4446 1136 4490 Pcr
1147 4447 1283 4493 Dominum.
