2910 4904
255 897 694 995 PROPRIUM
762 896 1205 994 MISSARUM

458 1123 571 1217 DE
641 1122 1001 1218 SANCTIS.

589 1407 845 1414 .....—-—-—---⁴—-——

402 1603 441 1660 Iu
462 1603 592 1661 mem
613 1619 720 1659 ssuvrr
741 1603 894 1675 mensum,
911 1619 1061 1660 urosrom.

191 1745 243 1802 Aa
256 1743 388 1800 Missam.
434 1742 574 1818 Officium.
618 1741 766 1800 Dominus
779 1762 868 1800 secus.

191 1826 338 1882 Psatmus.
381 1823 428 1881 At
440 1824 493 1881 illi

192 1906 303 1965 Oratio.
347 1905 529 1975 Quaesumus,
550 1904 737 1980 omnipotens
758 1906 847 1961 Deus
900 1904 1035 1962 ›S'ecunda
1058 1906 1159 1964 Oratio
1180 1908 1214 1965 de
1235 1917 1334 1966 sancto

124 1987 304 2058 Saturnino,
321 1987 406 2044 tertia
421 2006 479 2062 pro
493 2006 566 2061 pace
583 1985 723 2057 Ecclesia,
741 1983 802 2042 *vet
815 1988 1007 2065 propeccatis
1027 1987 1071 2045 vei
1083 1987 1145 2045 alia
1159 2008 1249 2063 quam
1257 2009 1333 2064 proe·

125 2079 226 2127 centor
249 2067 411 2144 injunxerit
434 2064 615 2124 dicendam*
669 2065 726 2123 Sed
747 2067 774 2123 si
793 2066 877 2141 infra
898 2067 1065 2126 Adventum
1085 2070 1214 2142 evenerit,
1231 2070 1335 2145 privio

51 2158 69 2197 ·'
127 2150 234 2209 Oratio
258 2150 293 2208 de
326 2148 440 2223 Viatia,
465 2148 591 2206 secunda
621 2148 656 2204 de
686 2156 784 2205 sancto
814 2146 985 2222 Saturnino,
1017 2151 1102 2207 tertia
1129 2151 1163 2208 de
1189 2151 1333 2222 Adventu,

127 2241 241 2308 quarta
257 2231 292 2290 de
305 2229 444 2301 Domina,
460 2238 486 2286 et
506 2229 611 2303 quinta
631 2230 665 2286 de
681 2228 822 2286 Omnibus
840 2228 956 2287 Sarwtis
970 2250 1138 2306 quocunque
1152 2233 1199 2289 dic
1213 2233 1334 2290 evenerit

121 2321 324 2390 praeterquam
337 2313 371 2368 in
384 2309 547 2369 Dominica.
590 2309 631 2365 Et
644 2310 670 2366 si
683 2309 718 2366 in
730 2309 887 2367 Dominica
907 2320 1039 2368 cantetur
1059 2311 1154 2370 Missa
1173 2314 1208 2370 de
1228 2313 1315 2387 Vtyit'

126 2395 172 2451 ad
186 2392 288 2451 Abtare
302 2391 470 2468 capitulare,
491 2391 630 2448 dicantur
650 2400 705 2447 tres
727 2389 878 2448 Orationes
888 2413 900 2460 ,·
921 2392 1025 2449 scilicet
1040 2393 1143 2467 prima
1163 2395 1197 2451 de
1217 2394 1332 2467 Vicina,

129 2475 260 2532 secunda
273 2475 307 2531 de
320 2482 419 2530 sancto
432 2471 604 2541 Saturnino,
622 2471 707 2528 tertia
720 2472 755 2528 ebe
771 2470 910 2528 Omnibus
920 2472 1045 2544 Sanctis,
1060 2479 1149 2536 torem
1157 2474 1294 2548 Abbebuya
1308 2483 1333 2530 et

130 2555 237 2626 Crede,
253 2556 302 2612 sed
315 2555 376 2611 sine
395 2553 592 2628 Sequentm;†
613 2561 638 2609 et
659 2562 728 2609 tunc
742 2553 782 2608 ad
803 2551 927 2610 Missam
944 2554 981 2610 'de
1002 2553 1166 2624 Dominicn,
1182 2556 1249 2611 duae
1265 2553 1336 2611 Ora

131 2637 247 2705 tranem·
268 2635 372 2693 scilicet
395 2636 429 2692 de
453 2634 611 2691 Dominica
635 2635 716 2691 etde
738 2632 877 2704 Domina,
892 2633 943 2691 sub
967 2654 1031 2690 una
1055 2634 1240 2692 conclusione.
1294 2634 1336 2691 In

129 2717 296 2774 minoribus
308 2737 372 2774 vero
383 2715 519 2773 Ecclesiis
532 2715 584 2772 ubi
597 2735 660 2771 urm
675 2723 791 2770 tautum
804 2713 955 2771 celebretur
963 2713 1065 2786 Missa,
1082 2724 1172 2772 totum
1186 2716 1336 2773 servitium

121 2801 186 2874 fiat
196 2797 231 2856 de
244 2798 410 2868 Dominiea,
426 2817 492 2855 cum
505 2797 645 2854 memoria
659 2797 693 2852 de
707 2804 805 2852 sancto
819 2794 981 2853 Saturnino
996 2805 1021 2853 et
1036 2797 1070 2853 de
1085 2797 1222 2868 Domina,
1238 2805 1336 2873 etpost

130 2879 260 2937 Missam
265 2883 326 2955 fiat
339 2877 565 2937 commemoratio
578 2877 612 2934 de
632 2877 743 2951 Vr'qiba.

403 3053 442 3109 Iu
463 3052 594 3109 mem
615 3068 720 3108 sineri
743 3052 895 3122 Anneium,
917 3068 1068 3111 Arosrom.

196 3134 336 3208 Officium.
975 3194 977 3198 Α

194 3215 342 3273 Dominus
355 3234 436 3272 secus
450 3233 531 3270 mare
546 3212 674 3270 Galilaere
688 3213 767 3269 vidit
780 3214 854 3271 duos
872 3213 977 3272 fratres
991 3215 1115 3273 Petrum
1129 3224 1160 3274 et
1173 3218 1335 3293 Andream,

130 3303 164 3355 et
178 3296 297 3353 vocavit
310 3315 377 3352 eos:
398 3295 510 3353 Venite
524 3300 589 3371 post
603 3313 669 3352 me:
690 3294 796 3350 faciam
810 3315 862 3352 vos
876 3295 940 3353 fieri
953 3297 1111 3373 piscatores
1124 3299 1286 3358 hominum.

194 3376 341 3434 Psabmus.

195 3458 242 3514 At
255 3457 302 3515 illi
315 3456 465 3528 continuo,
480 3455 590 3513 relictis
604 3457 725 3526 retibus,
742 3457 835 3514 secuti
849 3464 919 3514 suut
932 3478 1009 3515 eum.

197 3537 307 3596 Oratio.

197 3619 379 3689 Quaesumus,
396 3619 581 3694 omnipotens
595 3619 685 3688 DeuS,
701 3624 737 3675 ut
750 3619 854 3676 beatus
868 3619 1003 3677 Andreas
1022 3622 1171 3697 apostolus
1185 3629 1272 3679 tuum
1284 3643 1339 3700 pro

132 3701 220 3758 nobis
233 3700 372 3776 imploret
391 3700 537 3756 auxilium
558 3705 593 3754 ut
613 3718 631 3755 a
651 3700 759 3757 nostris
779 3700 910 3757 reatibus
930 3701 1058 3758 absoluti
1078 3722 1096 3759 a
1116 3705 1229 3762 cunctis
1249 3705 1339 3762 etiam

132 3781 274 3859 periculis
287 3800 433 3837 eruamur.

195 3861 234 3919 M
232 3863 342 3920 emoria
355 3861 390 3918 abe
403 3869 502 3918 sancto
515 3859 687 3919 Saturnino.
732 3861 841 3919 Oratio.
861 3900 863 3905 ι

196 3943 287 4015 Βθιιε,
300 3943 353 4018 qui
366 3962 420 3999 nos
434 3942 514 3999 beati
528 3941 683 3999 Saturnini
696 3943 835 4019 martyris
850 3943 982 4002 concedis
992 3945 1129 4003 natalitio
1143 3948 1263 4023 perfrui,
1277 3948 1340 4024 ejus

133 4045 190 4083 nos
203 4025 301 4081 tribue
315 4023 430 4081 meritis
443 4023 586 4099 adjuvari.
629 4022 695 4082 Per.

195 4105 337 4181 Epistola.
381 4104 555 4162 Benedictio
569 4104 700 4161 Domini.

198 4186 332 4244 Graeca.
376 4185 476 4243 Nimis
489 4185 635 4242 honorati.

196 4267 345 4344 Allelnya.
394 4266 424 4326 V.
447 4265 659 4340 Dinumerub0‚
675 4275 700 4324 et
719 4275 816 4327 cetera.
859 4267 929 4325 Post
956 4268 1074 4326 Versum
1097 4236 1243 4344 repetatur
1269 4270 1342 4330 Ora-

329 4397 342 4422 *
359 4395 495 4442 Onu-MS.
508 4395 537 4440 D.
951 4397 964 4457 †
980 4396 1118 4443 (tn-MS.
1130 4398 1160 4444 D.

197 4475 266 4516 ΥΟΕ.
283 4475 318 4516 11.
731 4475 752 4513 Β
