2910 4904
610 285 706 351 Festo
730 283 881 352 Octobris,
1282 283 1344 353 117

143 459 265 511 tuorum
300 472 426 529 quorum
463 451 595 528 reliquiae
628 453 660 509 in
694 452 832 528 praesenti
865 451 1050 528 requiescrmt
1084 449 1203 508 ecclesia
1236 449 1342 507 merite

143 534 280 612 gloriosa,
294 541 444 591 uteorum
458 533 515 608 piis
530 533 789 590 intercessionibus
811 532 848 589 ab
870 532 1008 590 omnibus
1028 550 1141 609 semper
1154 536 1342 608 protegamur

145 615 285 674 adversis.
330 615 388 671 Per
402 614 573 671 Dominum.

205 695 349 771 Epistola.
393 694 438 751 Hi
451 700 522 751 suut
535 694 594 750 viri
607 693 820 752 misericordiae.

208 775 341 833 Grodaie.
385 775 596 832 Exsultabunt.

205 856 354 932 Alleluya.
404 856 432 913 V.
454 856 537 913 Justi
551 855 715 931 epulentur.

203 938 366 1010 Sequentia.
409 936 518 992 Mundi
531 942 626 1008 aetate,
640 945 674 992 nt
688 937 722 992 in
735 935 841 992 Notati
849 934 1052 1010 plurimorum
1066 932 1266 1009 consessorum.

205 1017 404 1092 Eoonqelinnc.
447 1016 634 1074 Descendens
647 1017 669 1074 J
670 1035 736 1074 esus
749 1016 786 1073 de
799 1021 906 1074 monte.

205 1098 397 1252 diffindens
440 1178 651 1235 Exsultabunt.

204 1259 325 1318 Secreto.

202 1339 349 1416 Suscipist
361 1339 456 1415 pietas
478 1345 539 1408 tun,
561 1358 734 1413 quaesumus,
751 1339 887 1409 Domine,
901 1338 938 1396 de
954 1339 1091 1396 manibus
1104 1337 1214 1394 nostris
1227 1356 1337 1393 munus

139 1420 282 1490 oblatum,
297 1426 327 1478 et
340 1439 392 1496 per
405 1420 593 1495 praesentium
604 1426 771 1476 sanctorum
783 1420 929 1477 orationes
939 1420 976 1477 ab
988 1419 1123 1476 omnibus
1133 1437 1187 1475 nos
1197 1417 1337 1476 emundet

140 1503 275 1580 peccatis.
318 1500 384 1558 Per.

202 1581 382 1640 Oornmunio.
425 1581 447 1638 J
449 1585 584 1637 ustorum
597 1580 711 1637 animae.

201 1662 441 1720 Postcommnnio.

198 1743 309 1801 Divina
332 1742 458 1800 libantes
479 1742 629 1817 mysteria,
645 1761 710 1818 quae
732 1761 785 1817 pro
809 1740 1000 1817 praesentium
1022 1748 1192 1799 sanctorum
1215 1759 1334 1798 venera·

137 1823 219 1881 tione
241 1829 300 1880 tuae
324 1823 486 1881 obtulimus
509 1823 667 1898 majestati,
688 1830 803 1899 praesta,
826 1841 1002 1898 quaesumus,
1027 1828 1064 1879 ut
1085 1842 1138 1899 per
1159 1842 1194 1879 ea
1215 1822 1333 1879 veniam

136 1924 302 1964 mereamur
314 1909 508 1981 peccatorum,
524 1909 555 1960 et
568 1903 690 1960 coelestis
703 1904 806 1980 gratioe
821 1903 906 1961 donis
919 1903 1094 1962 reficiemur.
1137 1903 1203 1962 Per,
1360 1892 1364 1903 ’

176 2111 304 2170 Ssucrn
324 2112 565 2180 Ausrnnnnsrn,
587 2125 725 2168 vrnenus
744 2127 805 2168 non
826 2125 988 2168 usnrrnrs.
1032 2109 1107 2187 (xiii.
1125 2091 1195 2166 Kal.
1211 2107 1303 2178 Nor.)

197 2241 337 2315 Officium.
381 2240 531 2297 Dilexisti.

196 2321 304 2379 Oratio.
348 2321 542 2397 Omnipotens
556 2319 732 2396 sempiterne
747 2321 836 2377 Deus

195 2401 335 2478 Epistola.
378 2402 506 2458 Domine
520 2401 602 2458 Deus
616 2420 705 2458 meus.

196 2482 331 2542 Grodalc.
374 2482 491 2539 Diffusa
505 2487 557 2540 est.

193 2564 343 2639 Alleluya..
392 2563 420 2621 V.
443 2563 590 2620 AEmulor.

128 2647 130 2650 ’
192 2644 394 2719 Evnnpdinne.
437 2642 539 2701 Simile
553 2647 597 2700 est
611 2661 735 2719 regnum
749 2642 886 2699 caelorum
900 2641 998 2700 decem
1013 2641 1188 2719 virginibus.

193 2725 386 2799 Qpbrtoeiune.
430 2724 513 2780 Filiae
528 2743 637 2800 regum.

193 2806 376 2866 Communia
420 2805 557 2880 Quinque
570 2804 737 2882 prudentes

218 3011 377 3069 InFnsro
398 3010 550 3068 Unnncnu
572 3010 716 3070 Minurun
738 3009 931 3070 Vrnornuu.·³²'
977 3009 1040 3088 (xii
1057 3010 1127 3068 Kal.
1144 3009 1237 3089 Nov.)

191 3142 332 3220 officiunt.
375 3143 505 3200 Vultum
519 3149 613 3202 tuum.

193 3225 303 3283 Oratio,

190 3304 284 3376 Deus,
306 3305 359 3380 qui
385 3311 517 3362 sanctam
543 3305 628 3362 nobis
655 3305 744 3382 hujus
771 3306 831 3364 diei
851 3305 1077 3363 sollemnitatem
1098 3324 1151 3381 pro
1172 3305 1326 3363 beaterum

128 3385 280 3462 virginum
293 3391 518 3461 martyrumque
531 3393 651 3443 tuarum
664 3386 790 3462 gloriosa
807 3387 941 3462 passione
959 3387 1073 3444 fecisti:
1093 3386 1193 3444 adesto
1206 3384 1324 3443 familiae

127 3472 187 3523 tuse
200 3466 345 3542 precibus,
361 3472 391 3522 et
405 3466 442 3522 da
455 3473 491 3523 ut
504 3485 629 3541 quarum
647 3467 734 3524 hodie
752 3467 827 3525 festa
847 3468 1035 3540 celebramus,
1051 3486 1152 3524 earum
1166 3468 1279 3524 meritis
1292 3472 1323 3524 et

128 3547 388 3605 intercessionibus
402 3547 582 3622 adjuvemur.
626 3547 690 3605 Per.

187 3627 330 3703 Epistola.
374 3627 420 3683 De
434 3628 608 3702 virginibus.

187 3708 324 3766 Grodole.
367 3707 578 3778 Exsultobunt,
593 3708 628 3765 in
643 3707 800 3767 Corneliani
808 3709 1008 3784 plurimorum
1022 3719 1196 3786 martyrum.

81 3836 84 3842 .
185 3789 337 3864 Alleluya.
385 3788 415 3846 V.
437 3787 634 3845 Adducentur
658 3791 720 3867 regi
747 3791 877 3867 virgines
897 3797 965 3868 post
989 3810 1074 3851 eam:
1095 3790 1236 3869 proximae
1259 3791 1322 3866 ejus

127 3871 182 3929 tibi
196 3871 359 3928 offerentur
372 3869 404 3926 in
418 3869 530 3928 laetitia.

184 3951 351 4025 Sequentia.

128 4031 303 4108 Scrupulosa
317 4030 511 4106 quorumdam
525 4030 671 4088 sententia

127 4112 290 4170 Mulierum
305 4111 404 4168 subito
414 4111 477 4168 fore
491 4118 561 4169 vota

126 4192 235 4251 Merito
249 4192 386 4250 redditur
399 4193 576 4264 evacuanda,

126 4274 205 4333 Dum
219 4274 396 4331 instantiam
409 4273 507 4349 capiat
520 4273 629 4350 regula.

180 4422 194 4446 ¹*
211 4420 274 4466 This
285 4418 354 4465 Mass
364 4417 385 4464 is
396 4418 497 4464 omitted
507 4419 534 4463 in
544 4418 597 4464 Ms.
610 4418 639 4472 G,
650 4420 697 4463 and
707 4419 748 4465 the
760 4419 834 4466 Fesst
845 4419 871 4464 in
881 4418 921 4465 the
933 4416 1049 4466 calendar
1060 4415 1085 4462 oi
1094 4415 1146 4462 thet
1156 4414 1209 4461 MS.
