2910 4904
141 264 204 325 118
555 312 557 317 .
602 259 696 325 Festo
721 258 874 326 Octobris.

134 427 254 483 Harum
267 445 396 502 namque
409 426 576 484 constantia
589 427 731 502 probatur
742 446 780 484 ex
793 425 1020 502 perseverantia,

135 508 222 576 Quod
236 508 387 565 declarant
400 508 557 582 praesentia
569 508 719 584 virginum
740 508 814 565 festa
827 506 988 564 sollemnia.

136 588 204 645 Hac
217 589 318 664 itaque
332 588 380 645 die
394 589 588 645 sacratissima
604 588 766 644 multitudo
779 587 962 663 permaxima
975 605 1059 663 passa
1072 591 1117 644 est
1130 586 1163 644 in
1178 585 1322 660 Oolonia3

136 668 231 725 Velut
252 671 325 726 ebur
344 669 501 744 antiquum
517 670 607 726 rubra
620 674 725 726 extant
738 675 905 726 sanctarum
919 687 1040 744 corpora
1052 686 1106 744 pro
1119 667 1231 739 futura,
1246 687 1335 744 quam

218 755 382 826 expectant,
397 751 467 807 vita.

134 829 166 886 N
169 850 207 887 on
217 836 252 886 ut
266 831 366 905 spuria
378 830 563 900 vitulamina,
579 830 630 887 sed
638 830 723 887 velut
736 831 839 887 cedrus
853 829 923 901 alta,
937 848 1047 905 pereas
1058 829 1193 887 elevatur
1208 827 1330 905 Anglia.

135 910 174 966 In
188 911 314 967 hisvero
328 911 446 968 exstitit
459 911 530 968 fides
543 931 613 982 una,
622 911 663 968 sio
676 930 730 967 nec
741 911 833 968 dilata
846 917 917 967 sunt
931 929 1032 968 earum
1045 910 1166 988 praemia
1179 910 1213 967 in
1225 910 1333 987 patria.

135 990 292 1048 Gaudeant
306 992 436 1068 virgines
449 992 662 1068 perpendentes
675 991 765 1063 talia3

134 1071 269 1128 Gaudeat
282 1077 312 1129 et
322 1073 498 1129 universalis
513 1073 650 1130 Ecclesia.

134 1151 174 1208 In
188 1171 261 1209 sexu
274 1151 373 1228 fragili
385 1153 480 1210 millia
492 1154 628 1210 vicerunt
641 1153 791 1229 virginum
805 1152 923 1210 undena
934 1172 940 1215 ;

133 1233 294 1290 Insaniunt
307 1234 340 1290 in
354 1234 406 1291 has
420 1233 566 1309 Paganica
591 1240 734 1309 praecepta
747 1233 946 1309 perimmania.

133 1313 312 1371 Trucidatur
325 1315 428 1371 cohors
440 1316 582 1390 virginea.
593 1315 700 1390 quibus
714 1314 802 1371 datur
814 1313 940 1385 aureola,

131 1394 210 1462 Quia
223 1401 396 1470 sequuntur,
411 1415 470 1472 quo
485 1396 549 1452 itur
561 1397 594 1452 in
604 1396 740 1471 patriam,
755 1394 878 1471 Agnum
891 1395 955 1452 sine
968 1394 1090 1451 macula.

131 1475 250 1532 Harum
264 1476 398 1552 exempla
412 1475 562 1552 perlucida
576 1476 693 1533 solvant
706 1476 819 1550 peccati
833 1475 959 1547 vincula,
1091 1474 1094 1481 '

131 1555 174 1611 Et
186 1556 295 1614 ducant
309 1558 347 1615 ad
360 1557 488 1615 caelestia
499 1577 538 1614 ex
551 1556 640 1633 hujus
654 1556 740 1614 vallis
753 1556 880 1613 miseria.

133 1636 234 1693 Amen
248 1638 348 1694 dicant
361 1637 468 1695 omnia.

189 1718 390 1792 EocapeZiam.
435 1718 538 1776 Simile
553 1725 584 1775 et
597 1738 721 1794 reguum
735 1718 873 1776 caelorum
887 1716 985 1774 decem
1000 1715 1177 1794 virginibus.

192 1798 386 1872 offertorium.
430 1800 608 1870 Offerentur,
625 1800 729 1875 atejus.

191 1879 315 1937 Secreto.

188 1959 350 2017 Praesentia
371 1980 504 2032 munera,
518 1955 695 2036 quaesumus,
720 1959 856 2030 Domine,
882 1958 926 2015 ita
949 1977 1052 2016 serena
1071 1958 1185 2034 pietate
1198 1956 1330 2030 intuere,

128 2044 163 2096 ut
187 2040 289 2098 Sancti
316 2041 445 2116 Spiritus
466 2042 684 2116 perfundantur
707 2040 919 2111 benedictione,
941 2044 977 2096 ut
999 2039 1032 2096 in
1054 2038 1192 2096 cordibus
1217 2039 1333 2097 nostris

129 2141 194 2176 eam
214 2120 449 2179 benedictionem
469 2122 596 2178 validius
616 2122 785 2194 infundant,
807 2140 861 2196 per
881 2138 970 2196 quam
989 2125 1159 2177 sanctarum
1175 2119 1332 2197 virginum

127 2208 350 2278 martyrumque
362 2209 482 2258 tuarum
497 2209 609 2260 mentes
624 2203 723 2259 omnia
737 2203 865 2277 corporis
878 2206 1028 2258 tormenta
1041 2200 1224 2258 devicerunt.
1267 2199 1330 2258 Per

130 2282 302 2340 Dominum.
345 2283 384 2339 In
398 2284 514 2340 unitate
528 2284 665 2359 ejusdem.

190 2362 371 2421 Communia
416 2364 553 2440 Quinque
567 2365 735 2440 prudentes.

188 2444 431 2503 Postcommurtiu

186 2525 380 2601 Sumpsimus‚
409 2525 546 2598 Domine,
576 2531 746 2583 sanctarum
773 2525 924 2601 virginum
953 2528 1178 2598 martyrumque
1204 2527 1329 2581 tuarum

125 2605 321 2664 sollemnitate
342 2607 468 2664 caelestia
489 2613 681 2676 sacramenta,
699 2625 824 2682 quarum
844 2605 999 2680 suffragiis,
1015 2622 1191 2679 quaesumus‚
1206 2602 1327 2681 largire,

124 2692 159 2742 ut
173 2706 238 2762 quae
252 2688 455 2763 temporaliter
468 2689 597 2764 gerimus
612 2689 730 2744 aeternis
744 2685 858 2765 gaudiis
872 2704 1092 2761 consequamur.
1136 2683 1202 2741 Per.

219 2865 331 2922 Eonnu
351 2882 406 2922 nra
427 2882 534 2924 sanem
555 2867 754 2939 firmamus,
776 2881 925 2924 1101110111.
969 2864 1032 2943 (xii.
1049 2864 1119 2921 Kal
1135 2864 1229 2943 Nor.)

187 2969 326 3044 Officium.
371 2971 412 3028 Os
422 2971 506 3046 justi.

187 3050 295 3108 Oratio.
339 3051 463 3120 Adesto,
479 3052 615 3109 Domine.

183 3130 324 3206 Epistola.
367 3131 388 3188 J
390 3137 475 3188 ustus
489 3153 540 3190 cor
553 3153 647 3192 suum.

186 3211 320 3269 Gaudete.
365 3213 406 3270 Os
416 3212 499 3289 justi.

183 3292 331 3368 Alleluya.
382 3293 410 3350 V.
433 3294 496 3350 Iste
509 3301 637 3352 sanctus.

185 3373 387 3448 Evaapettam.
430 3374 549 3446 Videte,
566 3375 694 3452 vigilate.

185 3454 379 3529 offertorium.
423 3455 553 3513 Veritas.

185 3535 367 3594 Communia
411 3536 521 3594 Beatus
535 3557 647 3594 sertus.

172 3707 284 3764 Senem
306 3708 443 3778 Renum,
465 3725 697 3767 aasummsoorr
719 3725 757 3765 nr
778 3723 981 3766 consessorem
1024 3706 1068 3781 (x.
1085 3705 1156 3764 Kal.
1173 3705 1267 3783 Nor.)

185 3811 325 3885 Officium.
369 3812 492 3870 Statuit.

184 3893 293 3950 Oratio.
336 3893 393 3963 Da,
409 3913 584 3969 quaesumus

181 3973 322 4048 Epistola.
366 3974 441 4031 Ecce
455 3976 594 4032 sacerdos.

184 4055 318 4112 Gracco.
360 4055 436 4112 Ecce
450 4056 592 4113 sacerdos,

182 4136 330 4210 Alleluya.
381 4135 581 4212 V.Disposui

180 4217 381 4290 Evertpctiam.
423 4216 523 4273 Homo
538 4216 658 4292 quidam
673 4235 800 4293 peregre.

182 4297 377 4371 Offae-terium.
420 4298 530 4355 Inveni
544 4296 651 4354 David.

180 4377 359 4437 Communia.
404 4379 514 4437 Fidelis
528 4398 637 4436 servus
