2910 4904
309 311 491 394 Fropmeod
507 311 545 394 of
562 332 584 374 o
599 309 719 374 Miscet
734 309 773 394 of
790 309 839 375 the
862 309 920 374 Use
934 310 973 395 of
989 310 1140 376 Liocoln.
1257 313 1319 374 345

551 542 712 601 Donrnrcn
734 543 884 601 Sncunnn.

189 634 329 710 Officium.

188 717 319 791 Populus
338 717 416 780 Sion,
434 736 497 773 ecce
515 716 661 773 Dominus
675 716 774 774 reniet
787 716 823 774 ad
838 716 990 774 salvandas
1003 722 1124 793 gentes:
1145 722 1175 774 et
1188 716 1319 774 anditum

128 797 218 854 saciet
231 797 378 854 Dominus
391 797 514 874 gloriam
528 797 607 853 vocis
622 817 681 854 suae
695 797 727 853 in
741 797 846 854 laetitio
858 798 953 855 cordis
966 798 1066 855 vestri.

132 891 160 948 V.
185 890 244 958 Qui
257 891 333 966 regis
348 890 448 962 Israel,
463 890 584 947 intende
598 911 604 946 :
625 890 677 965 qui
690 890 808 947 deducis
822 889 905 948 velut
919 910 1004 948 ovem
1017 890 1039 948 J
1040 890 1136 967 oseph.

187 971 287 1028 Gloria
302 972 393 1029 Patri.

188 1065 454 1219 &ZZZ-lmine,
471 1148 558 1204 corda
570 1155 672 1205 nostra
685 1148 723 1204 ad
736 1148 940 1224 praeparandus
953 1147 1112 1224 Unigeniti
1126 1148 1171 1204 tui
1185 1149 1264 1208 vius:
1282 1155 1318 1207 ut

126 1248 179 1307 per
202 1230 264 1303 ejus
287 1229 448 1286 udventum
471 1228 632 1304 purificatis
656 1229 714 1285 tibi
737 1229 888 1286 mentibus
912 1230 1020 1286 servire
1044 1248 1215 1286 mereamur.
1259 1229 1318 1300 Qui

126 1316 224 1367 tecum
237 1310 315 1366 vivit
329 1315 358 1366 et
371 1315 475 1386 regnat
489 1309 577 1366 Deus.

182 1407 326 1464 Memorio
339 1407 373 1464 dc
387 1407 468 1463 beato
481 1407 590 1464 Mario.
636 1406 744 1464 Oratio.
788 1407 878 1478 Deus
893 1407 995 1483 quide
1009 1408 1101 1464 beatae
1116 1408 1229 1466 Mariae.

184 1505 328 1561 Memorio
342 1505 376 1560 de
390 1504 521 1561 omnibns
534 1503 659 1560 Sanctis.
705 1503 813 1561 Oratis.

184 1584 323 1652 Concede,
334 1604 508 1659 quaesumus,
523 1585 707 1659 omnipotens
721 1585 812 1655 Deus,
825 1590 861 1641 ut
875 1585 961 1642 inter.

184 1681 301 1739 lectio*
315 1681 452 1756 Epistolae
465 1680 507 1738 od
518 1681 665 1738 Romanos
680 1683 743 1752 (ccv.
760 1681 853 1759 4-13).

126 1763 319 1900 san{triatresz
354 1762 551 1836 Quaecumque
578 1761 686 1838 scripta
713 1767 783 1819 sunt
810 1782 899 1837 usquc
925 1764 966 1819 od
993 1769 1022 1819 et
1049 1762 1162 1821 virtute
1190 1762 1317 1840 spineus

187 1940 319 1998 Crudele.
363 1941 411 1998 Ex
426 1940 496 1997 Sion
508 1940 616 2015 species
630 1939 741 1997 decoris
754 1941 835 2016 ejus:
856 1940 938 1998 Deus
951 1940 1104 1998 manifeste
1117 1941 1224 1999 veniet

129 2033 158 2091 V.
191 2034 372 2108 Congregate
396 2031 442 2089 illi
465 2038 564 2090 sancto
586 2033 669 2108 ejus:
701 2033 754 2108 qui
778 2033 988 2091 ordinaverunt
1015 2039 1225 2091 testamentum
1251 2033 1315 2109 ejus

126 2134 213 2190 super
233 2114 380 2171 sacrificia.

184 2207 331 2282 Alleluya‚
381 2207 410 2263 V.
434 2206 566 2262 Laetatus
587 2225 652 2262 sum
667 2205 699 2260 in
711 2205 757 2263 his
771 2225 836 2281 quae
850 2205 929 2264 dicta
942 2213 1013 2264 sunt
1026 2206 1119 2265 mihi:
1142 2207 1182 2264 In
1195 2207 1315 2265 domum

127 2288 248 2346 Domini
261 2288 376 2346 ibimus,

184 2384 346 2458 ›S'eqnsntim

244 2465 430 2540 Regnentem
444 2463 621 2538 sempiterna

245 2546 303 2602 Per
316 2544 421 2601 saeculc
434 2549 604 2620 susceptura

246 2625 354 2682 Concio
368 2626 472 2681 devote
486 2643 633 2699 concrepa,

246 2706 371 2763 Auctorl
384 2704 530 2762 reddendo
543 2704 643 2761 debito
657 2724 664 2760 ε

246 2788 339 2855 Quem
349 2786 480 2861 jubilent
494 2785 611 2860 agmina
624 2783 730 2855 coelico,
746 2785 809 2860 ejus
823 2785 910 2841 vultu
924 2783 1104 2842 exhilarata:

246 2869 339 2936 Quem
354 2872 510 2942 expectant
524 2866 622 2922 omnin
636 2871 739 2939 terrea,
754 2867 817 2941 ejus
831 2871 908 2922 nutu
921 2865 1125 2936 examinando,

245 2948 422 3004 Districtum
436 2948 473 3004 ad
483 2947 603 3023 judicic,

245 3028 426 3085 Clementem
440 3028 472 3084 in
485 3029 626 3103 potentie.

245 3109 309 3166 Tua
321 3128 375 3166 nos
388 3108 476 3180 salvs,
493 3108 617 3181 Christe,
633 3107 798 3180 clementia,
813 3113 933 3185 propter
946 3125 1019 3183 quos
1032 3125 1134 3183 passus
1147 3125 1177 3164 es
1191 3108 1262 3164 dira.

244 3190 295 3248 Ad
309 3190 370 3265 poli
383 3196 461 3246 astra
475 3189 595 3245 subleva
608 3189 712 3259 nitida,
727 3188 801 3263 lqui
814 3189 898 3246 sorde
910 3188 1000 3264 tergis
1014 3187 1148 3258 saecula.†

244 3271 358 3328 Influat
371 3270 448 3328 salus
462 3289 531 3326 vera
543 3290 552 3341 3
571 3270 666 3344 effuge
678 3269 813 3345 periculo

245 3351 353 3408 Omnia
366 3357 400 3407 ut
414 3351 473 3408 sint
486 3349 604 3420 munda,
619 3349 716 3406 tribue
730 3349 866 3424 pecificc3

245 3432 291 3488 Ut
303 3432 351 3488 hic
365 3438 417 3488 tua
429 3431 503 3488 solvi
516 3431 713 3487 misericordia

244 3513 319 3569 Laeti
333 3532 422 3588 regna
434 3517 500 3588 post
513 3512 650 3568 adeamus
664 3530 776 3586 supera,

245 3594 310 3663 Quo
324 3612 426 3668 regnas
440 3591 544 3649 soeculo
557 3611 609 3668 per
624 3591 749 3648 infinito.

184 3717 349 3771 ,secunlum
364 3714 474 3771 Locum
487 3713 561 3788 (osmi.
579 3713 693 3790 25-23).

185 3797 223 3852 In
245 3796 296 3851 illo
318 3801 456 3870 tempore,
482 3795 571 3850 Dixit
594 3795 682 3852 Jesus
703 3792 854 3868 discipulis
878 3791 948 3862 suis,
972 3791 1070 3848 Erunt
1094 3791 1177 3868 signa
1198 3791 1230 3848 in
1254 3790 1314 3849 solo

124 3897 213 3951 fetuque
226 3878 266 3933 cd
283 3877 372 3932 verba
385 3882 483 3932 autem
497 3895 562 3932 mea
575 3894 635 3931 non
648 3874 802 3933 transient.

185 3973 374 4047 Offirtmium.

184 4055 275 4125 Deus,
296 4060 332 4110 tn
352 4060 524 4110 convertens
544 4052 706 4109 vivificabis
725 4071 798 4109 nos:
822 4056 853 4108 et
872 4049 955 4127 plebs
975 4055 1028 4107 tua
1048 4048 1197 4107 loetabitur
1216 4048 1249 4105 in
1268 4054 1312 4107 te:
1395 4058 1399 4065 '

124 4136 242 4192 ostende
255 4135 349 4206 nobis,
366 4134 501 4204 Domine,
517 4132 743 4190 misericordiam
757 4148 848 4204 tuam,
863 4137 894 4188 et
907 4130 1036 4188 salutare
1050 4137 1136 4186 tuum
1148 4130 1187 4187 de
1199 4129 1290 4187 nobis.

182 4318 193 4338 ³*
210 4315 244 4358 At
262 4312 312 4356 sido
329 4313 403 4370 (some
418 4311 502 4371 hand),
516 4314 529 4337 “
538 4311 565 4354 Io
579 4311 682 4355 Adventu
695 4309 759 4355 nialla
772 4308 885 4368 Proefatio
900 4309 998 4364 dicatur,
1013 4307 1059 4353 nisi
1074 4307 1213 4367 quotidiano,
1230 4307 1274 4354 uisi
1289 4306 1314 4353 io

128 4374 198 4421 l'aestis
210 4372 364 4430 Apostolorum
375 4378 395 4414 ct
406 4370 474 4415 beutoe
491 4369 609 4429 l'irpinis.”

182 4446 193 4501 †
209 4443 331 4500 MS.—qui
343 4441 411 4486 sorde
420 4440 496 4498 tergis
506 4440 611 4485 crimina.
