2910 4904
400 325 509 390 Misso
527 347 593 410 pro
614 324 822 392 Mortcl'tctc
843 326 1046 392 Hominem.
1264 329 1326 399 171

188 489 309 549 Secreta.

189 571 313 643 Oblatis,
338 572 475 643 Domine,
500 573 614 648 placare
633 573 827 646 muneribus3
850 580 880 630 et
902 579 1102 650 opportunum
1124 575 1210 632 nobis
1230 575 1331 632 tribue

125 653 238 729 pluviae
252 653 423 711 sufficientis
432 655 588 712 auxilium.
631 654 690 711 Per
704 654 875 714 Dominum.

190 732 372 792 Oommuac'a
415 734 524 805 Amen,
535 736 610 792 dico.

190 814 435 872 Postcommum'o.

190 895 280 966 Deus,
295 896 347 971 qui
360 896 438 972 pluis
449 915 536 971 super
546 899 643 968 justos
663 903 693 954 εὴ
707 897 833 972 injustos
847 916 855 969 3
878 897 988 954 nostris
1006 897 1097 956 etiam
1121 897 1331 956 offensionibus

128 994 182 1052 per
205 975 267 1033 haec
291 983 472 1034 sacramenta
495 977 644 1050 relaxatis,
670 984 845 1053 exspectata,
867 998 1042 1054 quaesumus,
1061 979 1186 1036 nubium
1208 999 1332 1037 munera

129 1057 272 1133 largiaris,
284 1058 392 1133 quibus
406 1064 436 1114 et
449 1058 528 1115 salus
542 1058 627 1116 nobis
641 1065 671 1116 et
684 1059 825 1116 alimenta
839 1066 1024 1136 praestentur.
1068 1060 1127 1118 Per
1137 1060 1308 1119 Dominum.

427 1285 529 1342 Mrssa
549 1302 592 1342 an
614 1285 829 1342 Snunurrarnu
850 1301 1038 1343 rosonanan.

193 1415 334 1490 Officium.
378 1415 462 1474 Salus
475 1415 586 1492 populi.

193 1496 302 1554 Oratio,

192 1578 244 1634 Ad
267 1583 298 1634 te
322 1597 385 1649 noa
400 1576 536 1649 Domine,
558 1578 717 1634 clamantes
738 1577 868 1649 exaudi;
891 1582 921 1634 et
941 1577 1015 1634 aeris
1038 1576 1228 1634 serenitatem
1248 1577 1337 1633 nobis

132 1659 231 1716 tribue
250 1659 492 1734 supplicantibus,
507 1664 542 1715 ut
556 1657 608 1734 qui
621 1658 704 1733 juste
715 1678 768 1734 pro
779 1658 905 1734 peccatis
918 1659 1026 1715 nostris
1040 1659 1205 1734 affligimur,
1221 1658 1332 1714 miseri-

133 1739 231 1798 cordia
244 1745 298 1796 tua
311 1740 516 1814 praeveniente,
528 1738 718 1796 'clementiam
732 1739 901 1796 sentiamus.
942 1739 1000 1796 Per
1011 1738 1174 1796 Dominum
1188 1745 1330 1796 nostrum.

192 1819 291 1877 Lectio
305 1820 374 1877 libri
390 1819 503 1878 Genesis
517 1819 573 1896 (iac.
595 1819 689 1896 8-15).

194 1900 234 1957 In
249 1900 352 1957 diebus
365 1900 433 1972 illis,
450 1901 538 1957 Dixit
552 1900 698 1957 Dominus
712 1901 750 1956 ad
764 1901 830 1958 Noe
843 1921 934 1976 usquc
947 1899 1038 1958 adad
1052 1900 1206 1958 delendam
1218 1899 1337 1957 univer-

135 2002 197 2040 sam
211 2000 337 2051 carnem,
353 1981 425 2038 dicit
439 1980 586 2038 Dominus
601 1983 795 2058 omnipotens.

197 2061 335 2121 Gaudete.
378 2062 529 2138 Propitius
544 2069 613 2121 este.

195 2143 345 2217 Alleluya.
394 2143 423 2200 V.
447 2143 577 2200 Ostende
590 2142 684 2200 nobis

195 2223 364 2282 Secundam
377 2223 553 2280 Mattlaocuoc
567 2223 644 2300 (ciii.
659 2223 776 2296 23-37).

196 2304 237 2361 In
260 2305 312 2362 illo
335 2309 475 2380 tempore,
490 2305 677 2361 Ascendento
695 2305 717 2362 J
719 2324 769 2362 esu
784 2305 815 2361 in
838 2303 1005 2362 naviculam
1028 2324 1118 2379 usquc
1142 2304 1182 2362 ad
1203 2303 1287 2362 renti
1307 2310 1340 2360 et

137 2405 217 2443 mare
231 2386 373 2443 obediunt
386 2386 420 2442 ei.

198 2465 390 2539 Offcrtora'um.
435 2467 561 2542 Sperent
574 2467 606 2522 in
620 2473 658 2525 te.

197 2546 318 2605 Secreta.

197 2627 318 2685 Exaudi
330 2647 437 2703 preces,
453 2634 483 2684 εὴ
506 2627 619 2702 suscipe
640 2635 711 2684 vota
726 2628 828 2704 populi
842 2627 908 2700 tui,
929 2632 960 2684 et
978 2627 1052 2703 jube
1072 2627 1181 2683 imbres
1194 2626 1341 2682 inundan-

137 2708 216 2767 tium
237 2728 348 2765 cessare
369 2708 547 2783 pluviarum,
570 2708 776 2784 flagellumque
799 2709 887 2784 hujus
912 2709 1049 2766 elementi
1070 2708 1108 2764 ad
1132 2707 1269 2765 effectum
1291 2708 1337 2762 tui

138 2795 277 2847 converte
300 2790 451 2862 mysterii3
482 2795 517 2844 ut-
540 2789 593 2864 qui
620 2809 650 2845 se
677 2790 916 2865 regenerantibus
943 2789 1027 2865 aquis
1054 2789 1185 2865 gaudent
1208 2794 1337 2856 renatos

138 2871 287 2947 gaudeant
307 2869 355 2926 his
378 2870 589 2946 castigantibus
605 2889 666 2926 esse
684 2876 835 2927 correctos.
878 2869 944 2928 Per.

200 2949 381 3009 Comoaunc’o.
423 2951 532 3020 Amen,
547 2951 612 3008 dico
625 2950 716 3008 vobis.
763 3009 764 3013 ,

200 3031 442 3088 Poatcommanc'o.

202 3112 386 3184 Quaesumus,
411 3111 596 3188 omnipotens
624 3111 714 3181 DeuS,
742 3112 928 3169 clementiam
954 3119 1046 3184 tuam,
1072 3119 1107 3170 ut
1134 3111 1341 3168 inundantiam

141 3212 271 3251 coerceas
285 3193 433 3265 imbrium,
446 3199 476 3249 et
490 3193 672 3250 hilaritatem
685 3193 732 3248 tui
740 3193 841 3250 vultus
849 3194 934 3250 nobis
946 3193 1094 3269 impertiri
1107 3193 1243 3268 digneris.
1286 3192 1345 3249 Per

142 3274 313 3331 Dominum.
727 3275 733 3286 '

435 3422 537 3480 Mrssa
558 3441 615 3480 rao
637 3423 862 3480 MoarAmrarn
883 3424 1049 3482 Houruuu.

204 3554 345 3629 Officium.
389 3554 475 3611 Salus
488 3555 597 3630 populi.

205 3635 312 3693 Oratio

204 3716 304 3785 Parce,
335 3715 471 3786 Domine,
501 3736 586 3792 parce
620 3717 746 3793 peccatis
780 3719 897 3786 nostris,
926 3723 957 3774 et
977 3716 1112 3792 quamvis
1134 3715 1345 3774 incessabiliter

144 3797 385 3872 delinquentibus
409 3797 549 3854 continua
579 3817 665 3873 poena
687 3797 837 3869 debeatur,
860 3791 976 3874 praesta,
1001 3817 1177 3873 quaesumus
1203 3803 1238 3854 ut
1265 3797 1344 3871 quod

144 3877 282 3954 praesenti
311 3896 457 3934 meremur
491 3878 659 3950 offensione,
688 3878 772 3935 nobis
800 3880 956 3954 proveniat
984 3879 1021 3936 ad
1053 3879 1279 3948 correctionem,
1314 3883 1344 3932 εὴ

144 3958 258 4034 plagam
271 3958 470 4029 mortalitatis,
481 3979 569 4035 quam
583 3979 670 4034 super
683 3979 737 4016 nos
750 3979 804 4034 pro
818 3960 944 4035 peccatis
957 3959 1065 4016 nostris
1075 3958 1229 4015 imminere
1243 3977 1346 4033 cogno-

145 4039 261 4110 scimus
276 4045 307 4095 te
321 4038 486 4110 miserante,
503 4040 663 4096 sentiamus
677 4059 794 4097 cessare.
836 4040 894 4096 Per
908 4040 1079 4096 Dominum.

205 4119 302 4176 Lectio
316 4119 385 4175 libri
397 4119 509 4193 Regum
523 4120 559 4191 (2
580 4121 656 4177 acacio,
675 4120 788 4196 17-25).

206 4200 245 4256 In
272 4200 374 4256 diebus
401 4199 468 4272 illis,
492 4201 582 4257 Dixit
606 4200 705 4257 David
719 4200 756 4257 ad
771 4200 934 4258 Dominum
945 4221 953 4273 3
972 4201 1047 4258 Cum
1061 4199 1184 4257 vidisset
1201 4198 1344 4275 ¹angelum

144 4281 305 4338 caedentem
315 4281 464 4356 populum.
508 4282 571 4357 Ego
585 4301 652 4338 sum
665 4301 755 4355 usquc
769 4282 811 4340 cd
823 4281 952 4339 cohibita
965 4289 1010 4339 est
1024 4281 1108 4358 plaga
1122 4281 1159 4337 ab
1174 4280 1275 4338 Israel.

207 4361 343 4418 Gradalc.
386 4361 536 4438 Propitius
545 4368 616 4431 esto,
627 4361 761 4438 alleluya.
1190 4385 1193 4392 ·

151 4442 181 4501 V.
205 4442 336 4500 Ostende
351 4442 443 4514 nobis,
460 4443 594 4501 Domine,
