2910 4904
589 284 763 354 Orationes
788 285 996 353 Cenomanos.

558 504 624 562 Pno
645 504 921 563 Bnnnrncroamus
941 521 1031 562 v1v1s.

254 598 363 656 Oratio.

252 679 379 751 Inclina,
395 678 532 751 Domine,
547 698 632 737 aures
651 684 711 736 tuae
732 679 860 755 pietatis,
875 685 905 737 et
926 679 1035 737 exaudi
1048 698 1148 756 preces
1160 686 1299 753 nostrns3
1317 681 1393 759 aperi

192 760 291 818 oculos
304 766 364 817 tuae
377 760 549 836 majestatie,
564 767 594 817 et
615 760 725 836 respice
745 760 892 836 propitius
912 780 1000 837 super
1012 760 1139 818 famulos
1152 766 1229 831 tuos,
1246 761 1302 839 qui
1312 762 1395 820 nobis

192 841 293 918 largiti
306 848 378 898 sunt
391 841 565 916 temporalia
578 841 675 898 bona:
696 841 734 897 da
748 841 798 913 eis,
815 841 953 912 Domine,
969 847 1155 917 peccatorum
1169 842 1392 918 indulgentiam,

192 923 268 980 etin
282 923 418 997 operibus
431 921 516 978 bonis
537 922 787 998 perseverantiam
811 928 841 979 et
865 922 898 978 in
917 941 1008 998 regno
1029 929 1081 980 tuo
1095 942 1203 1000 magna
1216 943 1273 999 pro
1287 924 1393 1000 parvis,

194 1003 320 1061 caelestia
344 1023 397 1078 pro
420 1003 555 1074 terrenis,
577 1009 606 1060 et
634 1023 687 1078 pro
714 1003 926 1079 temporalibus
949 1004 1070 1079 praemia
1096 1003 1286 1081 sempiterna.
1341 1004 1398 1062 Per

196 1083 366 1142 Dominum.

256 1176 377 1235 Secreta.

258 1257 387 1333 Suscipe,
404 1276 580 1333 quaesumus,
596 1256 733 1328 Domine,
749 1257 896 1333 propitius
910 1277 963 1333 pro
977 1257 1072 1315 salute
1088 1257 1270 1315 famulorum
1283 1264 1398 1317 tucrum

101 1375 104 1382 -
197 1359 305 1396 munus
319 1339 462 1410 oblatum,
477 1345 507 1395 et
521 1357 595 1414 quos
609 1338 704 1395 fecisti
724 1338 845 1395 devotos
858 1358 912 1415 per
925 1339 1148 1415 eleemosynam,
1162 1341 1210 1397 fac
1224 1340 1329 1399 beans
1341 1358 1399 1399 esso

196 1441 249 1496 per
262 1419 357 1477 sancti
370 1419 501 1477 muneris
515 1419 772 1476 consecrationem.
816 1419 876 1476 Per
889 1419 1062 1478 Dominum.

260 1517 504 1575 Postconnaaaio.

262 1598 454 1674 Sumpsimus,
481 1597 618 1669 Domine,
641 1603 694 1654 tua
715 1603 818 1655 sancta
839 1599 1001 1674 mysteria:
1022 1598 1090 1655 Tibi
1110 1598 1222 1675 gratias
1246 1598 1402 1657 referentes

200 1680 327 1757 petimus
341 1683 513 1737 immensam
528 1679 714 1736 clementiam
728 1685 820 1749 tuam,
836 1687 870 1737 nt
885 1684 916 1737 et
929 1679 1014 1737 nobis
1027 1680 1183 1756 proficiant
1196 1680 1237 1737 ad
1250 1680 1398 1751 medelam,

200 1768 230 1818 et
244 1761 362 1818 famulis
375 1761 445 1832 tuis,
457 1761 510 1836 qui
519 1761 604 1817 nobis
618 1779 685 1816 suas
698 1759 799 1837 largiti
812 1766 883 1818 sunt
893 1761 1098 1837 eleemosynas,
1110 1761 1148 1818 ad
1158 1760 1289 1819 salutem
1298 1762 1403 1819 mentis

200 1842 330 1898 simulet
347 1840 482 1919 corporis.
526 1840 585 1897 Per
599 1841 772 1898 Dominum.

707 2097 773 2155 Pno
795 2097 898 2154 Vnus,

265 2179 375 2236 Oratio.

263 2260 428 2331 Praetende,
457 2259 593 2328 Domine,
622 2259 741 2315 famulis
768 2265 798 2315 et
827 2258 993 2315 famulabus
1020 2258 1080 2315 tuis
1104 2258 1262 2317 dexteram
1285 2260 1402 2319 calatia

201 2340 314 2479 parilii,
331 2347 365 2397 ut
379 2346 409 2397 te
419 2345 483 2398 toto
494 2341 579 2397 corde
593 2341 775 2416 perquirant,
790 2345 820 2397 et
834 2360 900 2415 quae
914 2339 1002 2417 digne
1022 2340 1177 2416 postulant
1197 2348 1397 2418 assequantur.

232 2443 271 2481 er.

264 2503 384 2562 ›Sbcretcn

266 2581 441 2660 Propitiare,
476 2583 612 2652 Domine,
645 2582 909 2659 supplicationibus
944 2583 1064 2655 nostris,
1091 2589 1123 2640 et
1157 2583 1212 2641 has
1246 2584 1404 2643 oblatione

205 2666 383 2722 famulorum
405 2664 641 2740 famularumque
664 2669 792 2733 tuarum,
816 2683 889 2738 quas
918 2664 975 2721 tibi
997 2683 1051 2739 pro
1074 2664 1283 2723 incolumitate
1310 2682 1403 2723 eorum

206 2747 363 2816 offerimus,
387 2746 531 2821 benignus
555 2765 678 2816 assume,
705 2751 735 2801 et
757 2751 792 2800 ut
814 2745 926 2802 nullius
951 2746 990 2801 sit
1014 2746 1133 2802 irritum
1157 2750 1274 2819 votum,
1299 2745 1406 2803 nullius

206 2847 299 2884 vacua
313 2826 482 2902 postulatiO,
498 2834 613 2901 praesta,
629 2845 806 2901 quaesumus,
820 2833 855 2882 ut
869 2825 949 2901 quod
962 2826 1089 2883 fideliter
1102 2828 1242 2902 petimus,
1257 2827 1407 2885 efficaciter

207 2927 426 2983 consequamur.
470 2907 528 2963 Per
542 2907 715 2963 Dominum.

269 3005 513 3064 Postconnnsaaio.

270 3087 319 3143 Da
339 3086 449 3143 familis
471 3093 501 3142 et
524 3086 690 3142 fanmlabus
715 3086 784 3156 tuis,
811 3105 987 3161 quaesumus,
1005 3086 1141 3159 Domine,
1169 3087 1202 3144 in
1226 3093 1282 3145 tua
1302 3088 1359 3145 fide
1378 3090 1406 3143 et

209 3168 379 3225 sinceritate
392 3167 599 3235 constantiam,
614 3172 648 3223 ut
663 3167 830 3223 inanitate
844 3167 946 3223 divina
959 3168 1070 3224 firmati
1090 3167 1182 3225 nullis
1195 3168 1410 3226 tentationibus

210 3251 247 3306 ab
262 3250 324 3324 ejus
338 3248 510 3325 integritate
524 3247 681 3304 vellantur.
725 3247 790 3305 Per.

632 3514 682 3570 Da
703 3529 839 3571 oramus
861 3511 996 3569 Snncrrs.

276 3598 383 3657 Oratio.

276 3678 417 3749 Concede,
444 3696 619 3753 qnaesurnus,
648 3675 834 3750 omnipotens
857 3674 947 3743 Deus,
970 3680 1006 3730 ut
1033 3673 1204 3731 intercessio
1232 3694 1288 3733 nos
1310 3682 1417 3733 ancta

216 3763 274 3820 Dei
294 3751 450 3836 genetricis
471 3777 642 3832 semperque
661 3756 785 3832 virginis
804 3755 909 3812 Mariae
924 3760 1150 3832 sanctarumque
1171 3754 1309 3813 omnium
1326 3756 1415 3815 ooeles

215 3847 292 3901 tium
305 3843 453 3897 virtutum
474 3846 503 3896 et
525 3846 692 3894 sanctorum
713 3836 955 3912 patriarcharum,
971 3836 1191 3912 prophetarum,
1206 3836 1414 3913 apostolorum,

215 3923 471 4000 evsnigelistarum,
499 3926 673 3993 martyrum.
699 3918 905 3989 confessorum,
934 3923 1024 3992 atque
1051 3917 1212 3993 virginum,
1234 3923 1267 3975 et
1287 3918 1416 3975 omnium

217 4007 376 4064 electorum
398 4008 518 4059 tuorum
542 4000 652 4074 ubique
680 3999 828 4070 latificet3
848 4003 884 4055 ut
905 3998 978 4054 dum
1000 4016 1101 4055 eorum
1120 3998 1231 4055 merita
1253 3998 1419 4069 recolimus,

216 4084 380 4165 patrocinia
394 4082 563 4139 sentiamus.
607 4081 665 4136 Per
679 4079 813 4137 eundem.

278 4178 398 4237 Semela.
581 4216 584 4223 .

280 4258 404 4329 Oblatis,
432 4255 567 4326 Domine,
597 4253 711 4330 placare
738 4254 934 4325 muneribus3
962 4260 993 4310 et
1020 4252 1221 4311 intercedente
1247 4253 1340 4313 beata
1366 4250 1420 4311 Del

219 4341 365 4418 genetrice
387 4356 557 4413 semperque
579 4335 692 4410 virgine
716 4334 814 4392 Maria
827 4354 893 4392 cum
909 4335 1045 4392 omnibns
1062 4334 1173 4393 mactis
1190 4334 1263 4401 tuis,
1278 4354 1297 4395 a
1310 4333 1425 4395 mmo&

220 4442 272 4478 nos
283 4420 405 4478 defende
419 4417 564 4495 periculis.
607 4415 667 4472 Per
679 4415 814 4475 eundem.
