2910 4904
612 322 709 387 Festo
722 322 752 387 J
748 321 838 387 uait.

491 489 557 547 Tali
570 509 638 546 cum
651 489 773 560 athleta,

490 571 562 627 Dies
576 571 611 627 fit
624 570 685 627 haec
700 571 769 627 laeta

490 651 649 727 Laudeque
663 651 784 727 replete,

530 732 651 808 Piisque
664 733 805 808 precihus.

491 813 537 871 Ut
550 813 583 869 in
596 815 660 870 vita
673 821 753 870 meta

490 895 603 951 Nostra
617 895 656 950 sit
671 894 759 950 diaeta

490 975 548 1032 Per
562 975 625 1032 caeli
638 981 749 1032 secreta

530 1057 606 1114 Cum
619 1057 680 1113 suis
693 1055 815 1112 civibus.

188 1171 389 1246 Eooapeliam.
434 1171 494 1241 Qui
507 1191 559 1228 vos
572 1171 664 1228 audit.
685 1200 687 1205 ·

190 1253 384 1328 Offirtorium.
427 1253 536 1309 Inveni
550 1252 657 1309 David.

188 1333 368 1394 Communia
411 1333 522 1390 Fidelis
537 1353 646 1390 servus.

186 1415 345 1474 Dominico
362 1413 446 1489 taetro
459 1424 484 1470 et
497 1415 531 1471 ia
547 1415 654 1472 Octavo
674 1413 721 1470 die
741 1412 881 1470 dicantar
901 1411 1008 1481 omnio,
1024 1411 1099 1468 sicca
1116 1409 1150 1466 ia
1163 1408 1267 1484 priato
1281 1407 1330 1465 dia

120 1506 228 1572 preater
242 1497 344 1568 Crede,
360 1497 439 1570 qood
451 1516 512 1553 noa
525 1495 637 1553 dicetur
650 1495 684 1551 ia
700 1493 817 1565 Octavo,
833 1493 894 1552 aiei
906 1492 1065 1550 Dominica
1070 1489 1176 1565 fuerit.

224 1732 413 1791 Saroronon
433 1732 530 1790 Pn1n1
552 1749 589 1789 nr
610 1732 780 1806 Fanicmru,
803 1748 983 1791 nanrrnon.
1027 1730 1067 1809 (v.
1083 1731 1129 1789 Id:
1144 1729 1233 1810 Jun.)

188 1889 326 1963 Officium.
371 1890 552 1966 Sapientiam
566 1895 743 1948 sanctorum.

191 1969 299 2027 Oratio.

187 2051 246 2107 Fac
259 2070 322 2120 nos,
337 2070 512 2126 quaesumus,
533 2052 669 2124 Domine,
689 2057 855 2109 sanctorum
876 2058 996 2110 tuorum
1017 2052 1113 2110 Primi
1132 2059 1164 2110 et
1184 2053 1332 2113 Felioiani

125 2151 240 2207 semper
257 2131 333 2188 festa
346 2133 459 2204 sectari,
476 2152 602 2209 quorum
620 2133 766 2210 suffragiis
786 2135 977 2209 protectionis
991 2144 1050 2191 tuae
1066 2134 1143 2191 dona
1156 2134 1329 2194 sentiamus.

128 2212 187 2270 Per
201 2213 371 2272 Dominum.

188 2305 329 2380 Epistola.
372 2306 394 2363 J
396 2307 456 2362 usti
470 2308 503 2362 in
517 2314 700 2382 perpetuum.

190 2387 323 2444 Grodole.
367 2387 571 2444 Exsultahunt
585 2387 687 2446 sancti.

187 2467 335 2543 Alleluya.
385 2467 413 2525 V.
438 2468 541 2525 Sancti
554 2468 603 2526 tui
616 2468 745 2538 Domine
758 2468 941 2527 benedicent.

187 2557 388 2631 anopeliam.
432 2557 500 2614 Hoc
514 2563 559 2614 est
572 2563 759 2633 praeceptum.

190 2637 382 2712 offertorium.
427 2637 592 2695 Laetamini.

186 2729 426 2882 iiiiifmliomine,
449 2832 625 2888 quaesumus,
651 2812 749 2868 hostia
772 2811 915 2869 sacranda
938 2811 997 2868 tibi
1023 2811 1177 2888 placabilis
1204 2810 1331 2888 pretiosi

123 2892 295 2949 celebritate
309 2893 453 2967 martyrii,
468 2913 533 2968 quae
548 2900 578 2950 et
592 2899 711 2967 peccata
725 2899 826 2949 nostra
845 2893 990 2969 purificet,
1005 2899 1036 2949 et
1053 2899 1174 2950 tuorum
1187 2893 1245 2950 tibi
1257 2899 1332 2951 vota

125 2972 263 3030 conciliet
276 2972 463 3031 famulorum.
508 2974 567 3030 Per
580 2974 753 3030 Dominum.

190 3060 372 3119 commoneo.
416 3061 591 3120 Posuerunt.

189 3155 430 3213 Poatcommaaio.

188 3236 370 3307 Quaesumus,
400 3237 585 3312 omnipotens
620 3236 709 3308 Deus,
739 3243 774 3292 ut
808 3241 977 3293 sanctorum
1010 3242 1132 3293 tuorum
1167 3236 1265 3293 Primi
1299 3242 1333 3295 et

127 3317 270 3374 Feliciani
290 3317 453 3374 caelestibus
474 3318 623 3392 mysteriis
643 3317 789 3375 celebrata
809 3317 990 3375 sollemnitas
1009 3317 1228 3393 indulgentiam
1241 3317 1334 3376 nohis

126 3404 186 3455 tuae
200 3386 418 3474 propitiationis
431 3400 573 3474 acquirat.
615 3398 674 3456 Per
688 3397 860 3456 Dominum.

358 3634 469 3692 Siron
490 3634 657 3706 Baranam,
679 3649 831 3693 Arosrom
876 3632 931 3711 (iii.
948 3633 995 3693 Id.
1010 3631 1099 3711 Jun.)

191 3788 329 3863 Officium.
374 3788 454 3845 Mihi
467 3795 567 3846 autem
581 3788 679 3845 nimis.

191 3881 300 3940 Oratio.

187 3963 348 4020 Ecclesiam
369 3968 461 4034 tuam,
484 3962 619 4033 Domine,
643 3961 674 4018 in
704 3960 785 4017 omni
812 3961 1009 4036 prosperitate
1035 3961 1160 4033 custodi,
1191 3966 1224 4019 et
1247 3959 1336 4020 beati

127 4045 271 4102 Barnabae
285 4044 410 4120 apostoli
424 4044 576 4106 suffultam
595 4043 767 4118 patrociniis
788 4042 923 4118 supernis
936 4042 1058 4119 dignam
1079 4042 1188 4100 exhibe
1201 4042 1331 4120 gaudiis.

130 4125 195 4183 Per.

187 4206 327 4280 Epistola.
370 4206 392 4263 J
394 4225 440 4263 am
456 4224 517 4260 non
531 4203 753 4279 estis'hospites.

190 4285 323 4344 Groclol.
367 4287 407 4342 In
421 4305 537 4342 omnem
552 4293 671 4343 terram.

188 4366 336 4443 Alleluya.
386 4368 414 4424 V.
438 4366 509 4422 Non
523 4386 575 4423 vos
589 4383 635 4423 me
650 4366 788 4441 elegistis.

187 4445 348 4522 Sequentia.
393 4448 478 4505 Clare
492 4453 672 4519 sanctorum,
687 4455 721 4503 ot
734 4447 769 4504 ia
784 4445 951 4508 Communi.
