<?xml version="1.0" encoding="UTF-8"?>
<!DOCTYPE html PUBLIC "-//W3C//DTD XHTML 1.0 Transitional//EN"
    "http://www.w3.org/TR/xhtml1/DTD/xhtml1-transitional.dtd">
<html xmlns="http://www.w3.org/1999/xhtml" xml:lang="en" lang="en">
 <head>
  <title>
</title>
<meta http-equiv="Content-Type" content="text/html;charset=utf-8" />
  <meta name='ocr-system' content='tesseract 3.04.00' />
  <meta name='ocr-capabilities' content='ocr_page ocr_carea ocr_par ocr_line ocrx_word'/>
</head>
<body>
  <div class='ocr_page' id='page_1' title='image "./missaleadusumin01churgoog_0260.png"; bbox 0 0 2910 4904; ppageno 0'>
   <div class='ocr_carea' id='block_1_1' title="bbox 469 311 1270 396">
    <p class='ocr_par' dir='ltr' id='par_1_1' title="bbox 469 311 1270 396">
     <span class='ocr_line' id='line_1_1' title="bbox 469 311 1270 396; baseline -0.001 -19"><span class='ocrx_word' id='word_1_1' title='bbox 469 314 518 378; x_wconf 82' lang='lat' dir='ltr'>Ia</span> <span class='ocrx_word' id='word_1_2' title='bbox 540 312 595 378; x_wconf 79' lang='lat' dir='ltr'>die</span> <span class='ocrx_word' id='word_1_3' title='bbox 617 312 728 378; x_wconf 77' lang='lat' dir='ltr'>scorti</span> <span class='ocrx_word' id='word_1_4' title='bbox 749 311 878 396; x_wconf 75' lang='lat' dir='ltr'>Epidii.</span> <span class='ocrx_word' id='word_1_5' title='bbox 1210 316 1270 377; x_wconf 74' lang='lat'>231</span> 
     </span>
    </p>
   </div>
   <div class='ocr_carea' id='block_1_2' title="bbox 66 480 1273 1366">
    <p class='ocr_par' dir='ltr' id='par_1_2' title="bbox 129 480 252 539">
     <span class='ocr_line' id='line_1_2' title="bbox 129 480 252 539; baseline 0.008 -2"><span class='ocrx_word' id='word_1_6' title='bbox 129 480 252 539; x_wconf 81' lang='lat' dir='ltr'>Secreto.</span> 
     </span>
    </p>

    <p class='ocr_par' dir='ltr' id='par_1_3' title="bbox 68 559 1273 942">
     <span class='ocr_line' id='line_1_3' title="bbox 130 559 1272 639; baseline -0.001 -21"><span class='ocrx_word' id='word_1_7' title='bbox 130 562 260 639; x_wconf 85' lang='lat' dir='ltr'>Suscipe,</span> <span class='ocrx_word' id='word_1_8' title='bbox 276 581 451 637; x_wconf 79' lang='lat' dir='ltr'>quaesumus,</span> <span class='ocrx_word' id='word_1_9' title='bbox 467 560 604 632; x_wconf 86' lang='lat' dir='ltr'>Domine,</span> <span class='ocrx_word' id='word_1_10' title='bbox 619 560 731 618; x_wconf 87' lang='lat' dir='ltr'>hostias</span> <span class='ocrx_word' id='word_1_11' title='bbox 744 566 775 618; x_wconf 90' lang='lat' dir='ltr'>et</span> <span class='ocrx_word' id='word_1_12' title='bbox 789 578 889 635; x_wconf 84' lang='lat' dir='ltr'>preces</span> <span class='ocrx_word' id='word_1_13' title='bbox 908 559 1089 617; x_wconf 87' lang='lat' dir='ltr'>humilitatis</span> <span class='ocrx_word' id='word_1_14' title='bbox 1109 566 1226 632; x_wconf 89' lang='lat' dir='ltr'>nostrae,</span> <span class='ocrx_word' id='word_1_15' title='bbox 1242 566 1272 617; x_wconf 91' lang='lat' dir='ltr'>et</span> 
     </span>
     <span class='ocr_line' id='line_1_4' title="bbox 68 639 1273 718; baseline -0.002 -18"><span class='ocrx_word' id='word_1_16' title='bbox 68 643 210 700; x_wconf 85' lang='lat' dir='ltr'>famulam</span> <span class='ocrx_word' id='word_1_17' title='bbox 224 649 305 700; x_wconf 91' lang='lat' dir='ltr'>tuam</span> <span class='ocrx_word' id='word_1_18' title='bbox 321 642 360 699; x_wconf 83' lang='lat' dir='ltr'>N.</span> <span class='ocrx_word' id='word_1_19' title='bbox 377 648 460 699; x_wconf 90' lang='lat' dir='ltr'>scuto</span> <span class='ocrx_word' id='word_1_20' title='bbox 473 642 664 717; x_wconf 89' lang='lat' dir='ltr'>protectionis</span> <span class='ocrx_word' id='word_1_21' title='bbox 676 647 736 699; x_wconf 88' lang='lat' dir='ltr'>tuae</span> <span class='ocrx_word' id='word_1_22' title='bbox 751 639 883 711; x_wconf 87' lang='lat' dir='ltr'>defende,</span> <span class='ocrx_word' id='word_1_23' title='bbox 899 647 929 698; x_wconf 92' lang='lat' dir='ltr'>et</span> <span class='ocrx_word' id='word_1_24' title='bbox 942 660 1032 716; x_wconf 90' lang='lat' dir='ltr'>quam</span> <span class='ocrx_word' id='word_1_25' title='bbox 1047 661 1085 698; x_wconf 83' lang='lat' dir='ltr'>ex</span> <span class='ocrx_word' id='word_1_26' title='bbox 1104 639 1200 718; x_wconf 84' lang='lat' dir='ltr'>gratia</span> <span class='ocrx_word' id='word_1_27' title='bbox 1220 646 1273 698; x_wconf 90' lang='lat' dir='ltr'>tua</span> 
     </span>
     <span class='ocr_line' id='line_1_5' title="bbox 68 721 1270 800; baseline -0.002 -20"><span class='ocrx_word' id='word_1_28' title='bbox 68 724 220 800; x_wconf 86' lang='lat' dir='ltr'>gravidam</span> <span class='ocrx_word' id='word_1_29' title='bbox 235 743 296 781; x_wconf 89' lang='lat' dir='ltr'>esse</span> <span class='ocrx_word' id='word_1_30' title='bbox 310 724 439 793; x_wconf 87' lang='lat' dir='ltr'>voluisti,</span> <span class='ocrx_word' id='word_1_31' title='bbox 455 722 540 794; x_wconf 88' lang='lat' dir='ltr'>hanc,</span> <span class='ocrx_word' id='word_1_32' title='bbox 555 722 730 779; x_wconf 78' lang='lat' dir='ltr'>adveniente</span> <span class='ocrx_word' id='word_1_33' title='bbox 744 728 847 798; x_wconf 90' lang='lat' dir='ltr'>partus</span> <span class='ocrx_word' id='word_1_34' title='bbox 868 727 1008 797; x_wconf 90' lang='lat' dir='ltr'>tempore,</span> <span class='ocrx_word' id='word_1_35' title='bbox 1022 721 1149 798; x_wconf 80' lang='lat' dir='ltr'>gratiose</span> <span class='ocrx_word' id='word_1_36' title='bbox 1170 721 1270 794; x_wconf 87' lang='lat' dir='ltr'>libera,</span> 
     </span>
     <span class='ocr_line' id='line_1_6' title="bbox 69 802 1271 880; baseline -0.002 -20"><span class='ocrx_word' id='word_1_37' title='bbox 69 811 98 860; x_wconf 89' lang='lat' dir='ltr'>et</span> <span class='ocrx_word' id='word_1_38' title='bbox 112 805 150 860; x_wconf 85' lang='lat' dir='ltr'>ab</span> <span class='ocrx_word' id='word_1_39' title='bbox 168 805 304 862; x_wconf 90' lang='lat' dir='ltr'>omnibus</span> <span class='ocrx_word' id='word_1_40' title='bbox 325 804 596 880; x_wconf 71' lang='lat' dir='ltr'>perturbationibus</span> <span class='ocrx_word' id='word_1_41' title='bbox 618 823 685 860; x_wconf 90' lang='lat' dir='ltr'>cum</span> <span class='ocrx_word' id='word_1_42' title='bbox 707 803 789 879; x_wconf 87' lang='lat' dir='ltr'>prole</span> <span class='ocrx_word' id='word_1_43' title='bbox 810 802 844 860; x_wconf 91' lang='lat' dir='ltr'>in</span> <span class='ocrx_word' id='word_1_44' title='bbox 864 803 929 879; x_wconf 86' lang='lat' dir='ltr'>ipsa</span> <span class='ocrx_word' id='word_1_45' title='bbox 950 807 1090 860; x_wconf 88' lang='lat' dir='ltr'>contenta</span> <span class='ocrx_word' id='word_1_46' title='bbox 1111 803 1271 860; x_wconf 88' lang='lat' dir='ltr'>clementer</span> 
     </span>
     <span class='ocr_line' id='line_1_7' title="bbox 69 885 502 942; baseline -0.002 -1"><span class='ocrx_word' id='word_1_47' title='bbox 69 904 215 942; x_wconf 90' lang='lat' dir='ltr'>conserva.</span> <span class='ocrx_word' id='word_1_48' title='bbox 259 885 317 942; x_wconf 90' lang='lat' dir='ltr'>Per</span> <span class='ocrx_word' id='word_1_49' title='bbox 331 885 502 942; x_wconf 90' lang='lat' dir='ltr'>Dominum.</span> 
     </span>
    </p>

    <p class='ocr_par' dir='ltr' id='par_1_4' title="bbox 128 967 372 1024">
     <span class='ocr_line' id='line_1_8' title="bbox 128 967 372 1024; baseline 0 -2"><span class='ocrx_word' id='word_1_50' title='bbox 128 967 372 1024; x_wconf 80' lang='lat' dir='ltr'>Postcommaaio.</span> 
     </span>
    </p>

    <p class='ocr_par' dir='ltr' id='par_1_5' title="bbox 66 1043 1269 1366">
     <span class='ocr_line' id='line_1_9' title="bbox 127 1043 1269 1123; baseline -0.002 -19"><span class='ocrx_word' id='word_1_51' title='bbox 127 1048 242 1105; x_wconf 84' lang='lat' dir='ltr'>Adesto</span> <span class='ocrx_word' id='word_1_52' title='bbox 266 1047 529 1123; x_wconf 81' lang='lat' dir='ltr'>supplicationibus</span> <span class='ocrx_word' id='word_1_53' title='bbox 552 1046 669 1118; x_wconf 89' lang='lat' dir='ltr'>nostris,</span> <span class='ocrx_word' id='word_1_54' title='bbox 693 1045 878 1120; x_wconf 88' lang='lat' dir='ltr'>omnipotens</span> <span class='ocrx_word' id='word_1_55' title='bbox 901 1043 991 1116; x_wconf 78' lang='lat' dir='ltr'>Deve,</span> <span class='ocrx_word' id='word_1_56' title='bbox 1013 1050 1044 1102; x_wconf 90' lang='lat' dir='ltr'>et</span> <span class='ocrx_word' id='word_1_57' title='bbox 1065 1043 1183 1101; x_wconf 88' lang='lat' dir='ltr'>famulae</span> <span class='ocrx_word' id='word_1_58' title='bbox 1210 1052 1269 1103; x_wconf 87' lang='lat' dir='ltr'>tuae</span> 
     </span>
     <span class='ocr_line' id='line_1_10' title="bbox 68 1125 1268 1205; baseline 0.001 -23"><span class='ocrx_word' id='word_1_59' title='bbox 68 1126 209 1203; x_wconf 75' lang='lat' dir='ltr'>largifluae</span> <span class='ocrx_word' id='word_1_60' title='bbox 223 1128 414 1204; x_wconf 90' lang='lat' dir='ltr'>protectionis</span> <span class='ocrx_word' id='word_1_61' title='bbox 428 1147 535 1184; x_wconf 86' lang='lat' dir='ltr'>munus</span> <span class='ocrx_word' id='word_1_62' title='bbox 549 1127 681 1197; x_wconf 90' lang='lat' dir='ltr'>concede,</span> <span class='ocrx_word' id='word_1_63' title='bbox 694 1131 728 1205; x_wconf 73' lang='lat' dir='ltr'>iit</span> <span class='ocrx_word' id='word_1_64' title='bbox 743 1125 918 1182; x_wconf 84' lang='lat' dir='ltr'>adveniente</span> <span class='ocrx_word' id='word_1_65' title='bbox 933 1134 1066 1201; x_wconf 88' lang='lat' dir='ltr'>tempore</span> <span class='ocrx_word' id='word_1_66' title='bbox 1075 1126 1268 1202; x_wconf 88' lang='lat' dir='ltr'>parturiendi,</span> 
     </span>
     <span class='ocr_line' id='line_1_11' title="bbox 66 1206 1269 1284; baseline -0.001 -20"><span class='ocrx_word' id='word_1_67' title='bbox 66 1209 168 1284; x_wconf 72' lang='lat' dir='ltr'>gratiae</span> <span class='ocrx_word' id='word_1_68' title='bbox 183 1215 242 1265; x_wconf 88' lang='lat' dir='ltr'>tuae</span> <span class='ocrx_word' id='word_1_69' title='bbox 256 1209 425 1284; x_wconf 80' lang='lat' dir='ltr'>praesidium</span> <span class='ocrx_word' id='word_1_70' title='bbox 439 1208 587 1283; x_wconf 88' lang='lat' dir='ltr'>suscipiat,</span> <span class='ocrx_word' id='word_1_71' title='bbox 602 1214 632 1263; x_wconf 92' lang='lat' dir='ltr'>et</span> <span class='ocrx_word' id='word_1_72' title='bbox 645 1207 741 1283; x_wconf 87' lang='lat' dir='ltr'>proles</span> <span class='ocrx_word' id='word_1_73' title='bbox 756 1225 845 1282; x_wconf 87' lang='lat' dir='ltr'>quam</span> <span class='ocrx_word' id='word_1_74' title='bbox 859 1206 993 1278; x_wconf 87' lang='lat' dir='ltr'>ediderit,</span> <span class='ocrx_word' id='word_1_75' title='bbox 1003 1212 1140 1283; x_wconf 90' lang='lat' dir='ltr'>percepto</span> <span class='ocrx_word' id='word_1_76' title='bbox 1153 1207 1269 1264; x_wconf 89' lang='lat' dir='ltr'>lavacro</span> 
     </span>
     <span class='ocr_line' id='line_1_12' title="bbox 66 1287 1130 1366; baseline 0 -21"><span class='ocrx_word' id='word_1_77' title='bbox 66 1289 199 1361; x_wconf 86' lang='lat' dir='ltr'>salutari,</span> <span class='ocrx_word' id='word_1_78' title='bbox 214 1290 348 1366; x_wconf 82' lang='lat' dir='ltr'>gratiosis</span> <span class='ocrx_word' id='word_1_79' title='bbox 362 1289 488 1346; x_wconf 87' lang='lat' dir='ltr'>feliciter</span> <span class='ocrx_word' id='word_1_80' title='bbox 500 1288 634 1365; x_wconf 89' lang='lat' dir='ltr'>proficiat</span> <span class='ocrx_word' id='word_1_81' title='bbox 648 1287 844 1344; x_wconf 86' lang='lat' dir='ltr'>incrementis.</span> <span class='ocrx_word' id='word_1_82' title='bbox 888 1287 946 1344; x_wconf 91' lang='lat' dir='ltr'>Per</span> <span class='ocrx_word' id='word_1_83' title='bbox 960 1287 1130 1346; x_wconf 89' lang='lat' dir='ltr'>Dominum.</span> 
     </span>
    </p>
   </div>
   <div class='ocr_carea' id='block_1_3' title="bbox 546 1440 784 1498">
    <p class='ocr_par' dir='ltr' id='par_1_6' title="bbox 546 1440 784 1498">
     <span class='ocr_line' id='line_1_13' title="bbox 546 1440 784 1498; baseline -0.004 0"><span class='ocrx_word' id='word_1_84' title='bbox 546 1441 638 1498; x_wconf 79' lang='lat' dir='ltr'>From</span> <span class='ocrx_word' id='word_1_85' title='bbox 658 1440 723 1498; x_wconf 82' lang='lat' dir='ltr'>MS.</span> <span class='ocrx_word' id='word_1_86' title='bbox 746 1440 784 1497; x_wconf 92' lang='lat' dir='ltr'>D.</span> 
     </span>
    </p>
   </div>
   <div class='ocr_carea' id='block_1_4' title="bbox 62 1547 1267 2902">
    <p class='ocr_par' dir='ltr' id='par_1_7' title="bbox 396 1547 931 1619">
     <span class='ocr_line' id='line_1_14' title="bbox 396 1547 931 1619; baseline 0 -15"><span class='ocrx_word' id='word_1_87' title='bbox 396 1547 436 1604; x_wconf 75' lang='grc' dir='ltr'>ΙΝ</span> <span class='ocrx_word' id='word_1_88' title='bbox 455 1565 509 1605; x_wconf 85' lang='lat' dir='ltr'>nm</span> <span class='ocrx_word' id='word_1_89' title='bbox 530 1563 636 1604; x_wconf 76' lang='lat' dir='ltr'>aaron</span> <span class='ocrx_word' id='word_1_90' title='bbox 658 1547 775 1619; x_wconf 81' lang='lat' dir='ltr'>Eorum,</span> <span class='ocrx_word' id='word_1_91' title='bbox 797 1563 931 1604; x_wconf 70' lang='lat' dir='ltr'>sanans.</span> 
     </span>
    </p>

    <p class='ocr_par' dir='ltr' id='par_1_8' title="bbox 128 1631 237 1689">
     <span class='ocr_line' id='line_1_15' title="bbox 128 1631 237 1689; baseline 0 0"><span class='ocrx_word' id='word_1_92' title='bbox 128 1631 237 1689; x_wconf 78' lang='lat' dir='ltr'>Oratis.</span> 
     </span>
    </p>

    <p class='ocr_par' dir='ltr' id='par_1_9' title="bbox 63 1709 1266 2254">
     <span class='ocr_line' id='line_1_16' title="bbox 126 1709 1266 1787; baseline -0.002 -19"><span class='ocrx_word' id='word_1_93' title='bbox 126 1711 280 1780; x_wconf 85' lang='lat' dir='ltr'>Praetende</span> <span class='ocrx_word' id='word_1_94' title='bbox 298 1710 390 1781; x_wconf 89' lang='lat' dir='ltr'>nobis,</span> <span class='ocrx_word' id='word_1_95' title='bbox 406 1709 543 1780; x_wconf 86' lang='lat' dir='ltr'>Domine,</span> <span class='ocrx_word' id='word_1_96' title='bbox 559 1709 788 1767; x_wconf 88' lang='lat' dir='ltr'>misericordiam</span> <span class='ocrx_word' id='word_1_97' title='bbox 810 1716 902 1782; x_wconf 90' lang='lat' dir='ltr'>tuam,</span> <span class='ocrx_word' id='word_1_98' title='bbox 918 1715 953 1766; x_wconf 92' lang='lat' dir='ltr'>ut</span> <span class='ocrx_word' id='word_1_99' title='bbox 974 1710 1025 1786; x_wconf 89' lang='lat' dir='ltr'>qui</span> <span class='ocrx_word' id='word_1_100' title='bbox 1046 1728 1099 1787; x_wconf 92' lang='lat' dir='ltr'>per</span> <span class='ocrx_word' id='word_1_101' title='bbox 1120 1710 1266 1766; x_wconf 88' lang='lat' dir='ltr'>orationes</span> 
     </span>
     <span class='ocr_line' id='line_1_17' title="bbox 66 1790 1266 1866; baseline -0.002 -17"><span class='ocrx_word' id='word_1_102' title='bbox 66 1793 188 1849; x_wconf 87' lang='lat' dir='ltr'>devotas</span> <span class='ocrx_word' id='word_1_103' title='bbox 206 1792 285 1848; x_wconf 88' lang='lat' dir='ltr'>beati</span> <span class='ocrx_word' id='word_1_104' title='bbox 306 1791 407 1866; x_wconf 82' lang='lat' dir='ltr'>Egidii</span> <span class='ocrx_word' id='word_1_105' title='bbox 420 1791 535 1847; x_wconf 88' lang='lat' dir='ltr'>abbatis</span> <span class='ocrx_word' id='word_1_106' title='bbox 551 1790 688 1847; x_wconf 86' lang='lat' dir='ltr'>Carolum</span> <span class='ocrx_word' id='word_1_107' title='bbox 703 1791 910 1866; x_wconf 87' lang='lat' dir='ltr'>imperatorem</span> <span class='ocrx_word' id='word_1_108' title='bbox 924 1810 942 1847; x_wconf 89' lang='lat' dir='ltr'>a</span> <span class='ocrx_word' id='word_1_109' title='bbox 954 1797 1140 1866; x_wconf 88' lang='lat' dir='ltr'>peccatorum</span> <span class='ocrx_word' id='word_1_110' title='bbox 1154 1790 1266 1866; x_wconf 83' lang='lat' dir='ltr'>laqueis</span> 
     </span>
     <span class='ocr_line' id='line_1_18' title="bbox 64 1871 1265 1948; baseline -0.001 -19"><span class='ocrx_word' id='word_1_111' title='bbox 64 1873 206 1943; x_wconf 87' lang='lat' dir='ltr'>liberasti,</span> <span class='ocrx_word' id='word_1_112' title='bbox 229 1872 353 1928; x_wconf 88' lang='lat' dir='ltr'>concede</span> <span class='ocrx_word' id='word_1_113' title='bbox 374 1876 410 1927; x_wconf 90' lang='lat' dir='ltr'>ut</span> <span class='ocrx_word' id='word_1_114' title='bbox 431 1878 512 1929; x_wconf 89' lang='lat' dir='ltr'>tuam</span> <span class='ocrx_word' id='word_1_115' title='bbox 536 1871 734 1928; x_wconf 84' lang='lat' dir='ltr'>dulcissimam</span> <span class='ocrx_word' id='word_1_116' title='bbox 756 1872 908 1929; x_wconf 89' lang='lat' dir='ltr'>Deitatem</span> <span class='ocrx_word' id='word_1_117' title='bbox 930 1876 1032 1928; x_wconf 83' lang='lat' dir='ltr'>exoret</span> <span class='ocrx_word' id='word_1_118' title='bbox 1052 1891 1106 1948; x_wconf 94' lang='lat' dir='ltr'>pro</span> <span class='ocrx_word' id='word_1_119' title='bbox 1127 1872 1219 1942; x_wconf 89' lang='lat' dir='ltr'>nobis,</span> <span class='ocrx_word' id='word_1_120' title='bbox 1234 1878 1265 1929; x_wconf 92' lang='lat' dir='ltr'>et</span> 
     </span>
     <span class='ocr_line' id='line_1_19' title="bbox 64 1952 1266 2029; baseline -0.001 -19"><span class='ocrx_word' id='word_1_121' title='bbox 64 1954 242 2010; x_wconf 90' lang='lat' dir='ltr'>desiderium</span> <span class='ocrx_word' id='word_1_122' title='bbox 267 1958 401 2009; x_wconf 90' lang='lat' dir='ltr'>nostrum</span> <span class='ocrx_word' id='word_1_123' title='bbox 425 1952 458 2008; x_wconf 90' lang='lat' dir='ltr'>in</span> <span class='ocrx_word' id='word_1_124' title='bbox 481 1953 593 2007; x_wconf 89' lang='lat' dir='ltr'>bonum</span> <span class='ocrx_word' id='word_1_125' title='bbox 616 1953 694 2028; x_wconf 86' lang='lat' dir='ltr'>apud</span> <span class='ocrx_word' id='word_1_126' title='bbox 718 1958 801 2010; x_wconf 85' lang='lat' dir='ltr'>tuam</span> <span class='ocrx_word' id='word_1_127' title='bbox 824 1952 963 2029; x_wconf 83' lang='lat' dir='ltr'>expediat</span> <span class='ocrx_word' id='word_1_128' title='bbox 985 1953 1180 2028; x_wconf 87' lang='lat' dir='ltr'>majestatem,</span> <span class='ocrx_word' id='word_1_129' title='bbox 1197 1958 1228 2010; x_wconf 90' lang='lat' dir='ltr'>et</span> <span class='ocrx_word' id='word_1_130' title='bbox 1247 1973 1266 2009; x_wconf 90' lang='lat' dir='ltr'>a</span> 
     </span>
     <span class='ocr_line' id='line_1_20' title="bbox 63 2033 1265 2111; baseline -0.001 -20"><span class='ocrx_word' id='word_1_131' title='bbox 63 2043 153 2111; x_wconf 91' lang='lat' dir='ltr'>puteo</span> <span class='ocrx_word' id='word_1_132' title='bbox 167 2035 296 2091; x_wconf 87' lang='lat' dir='ltr'>faetentis</span> <span class='ocrx_word' id='word_1_133' title='bbox 310 2033 421 2109; x_wconf 91' lang='lat' dir='ltr'>peccati</span> <span class='ocrx_word' id='word_1_134' title='bbox 434 2034 548 2089; x_wconf 88' lang='lat' dir='ltr'>animas</span> <span class='ocrx_word' id='word_1_135' title='bbox 561 2038 675 2090; x_wconf 88' lang='lat' dir='ltr'>nostras</span> <span class='ocrx_word' id='word_1_136' title='bbox 689 2034 848 2091; x_wconf 86' lang='lat' dir='ltr'>transferat</span> <span class='ocrx_word' id='word_1_137' title='bbox 869 2033 907 2090; x_wconf 92' lang='lat' dir='ltr'>ad</span> <span class='ocrx_word' id='word_1_138' title='bbox 925 2033 1071 2108; x_wconf 89' lang='lat' dir='ltr'>integram</span> <span class='ocrx_word' id='word_1_139' title='bbox 1093 2034 1265 2109; x_wconf 86' lang='lat' dir='ltr'>puritatem,</span> 
     </span>
     <span class='ocr_line' id='line_1_21' title="bbox 63 2113 1265 2192; baseline -0.002 -19"><span class='ocrx_word' id='word_1_140' title='bbox 63 2117 101 2173; x_wconf 84' lang='lat' dir='ltr'>ad</span> <span class='ocrx_word' id='word_1_141' title='bbox 122 2116 224 2188; x_wconf 84' lang='lat' dir='ltr'>gratiae</span> <span class='ocrx_word' id='word_1_142' title='bbox 247 2115 421 2186; x_wconf 87' lang='lat' dir='ltr'>claritatem,</span> <span class='ocrx_word' id='word_1_143' title='bbox 436 2113 473 2171; x_wconf 88' lang='lat' dir='ltr'>ad</span> <span class='ocrx_word' id='word_1_144' title='bbox 496 2113 596 2190; x_wconf 86' lang='lat' dir='ltr'>gloriae</span> <span class='ocrx_word' id='word_1_145' title='bbox 621 2113 764 2171; x_wconf 89' lang='lat' dir='ltr'>mirabilis</span> <span class='ocrx_word' id='word_1_146' title='bbox 785 2120 957 2192; x_wconf 86' lang='lat' dir='ltr'>perpetuam</span> <span class='ocrx_word' id='word_1_147' title='bbox 980 2115 1162 2191; x_wconf 86' lang='lat' dir='ltr'>dignitatem.</span> <span class='ocrx_word' id='word_1_148' title='bbox 1206 2114 1265 2172; x_wconf 90' lang='lat' dir='ltr'>Per</span> 
     </span>
     <span class='ocr_line' id='line_1_22' title="bbox 64 2196 236 2254; baseline -0.012 0"><span class='ocrx_word' id='word_1_149' title='bbox 64 2196 236 2254; x_wconf 89' lang='lat' dir='ltr'>Dominum.</span> 
     </span>
    </p>

    <p class='ocr_par' dir='ltr' id='par_1_10' title="bbox 124 2276 245 2334">
     <span class='ocr_line' id='line_1_23' title="bbox 124 2276 245 2334; baseline 0 0"><span class='ocrx_word' id='word_1_150' title='bbox 124 2276 245 2334; x_wconf 62' lang='lat' dir='ltr'>lS&#39;ccrcto.</span> 
     </span>
    </p>

    <p class='ocr_par' dir='ltr' id='par_1_11' title="bbox 62 2356 1267 2595">
     <span class='ocr_line' id='line_1_24' title="bbox 125 2356 1266 2432; baseline -0.001 -18"><span class='ocrx_word' id='word_1_151' title='bbox 125 2358 280 2414; x_wconf 86' lang='lat' dir='ltr'>Mentibus</span> <span class='ocrx_word' id='word_1_152' title='bbox 303 2356 422 2426; x_wconf 90' lang='lat' dir='ltr'>nostris,</span> <span class='ocrx_word' id='word_1_153' title='bbox 448 2375 624 2432; x_wconf 87' lang='lat' dir='ltr'>quaesumus,</span> <span class='ocrx_word' id='word_1_154' title='bbox 648 2357 786 2430; x_wconf 89' lang='lat' dir='ltr'>Domine,</span> <span class='ocrx_word' id='word_1_155' title='bbox 811 2357 892 2412; x_wconf 89' lang='lat' dir='ltr'>beati</span> <span class='ocrx_word' id='word_1_156' title='bbox 917 2356 1018 2432; x_wconf 84' lang='lat' dir='ltr'>Egidii</span> <span class='ocrx_word' id='word_1_157' title='bbox 1041 2357 1158 2413; x_wconf 88' lang='lat' dir='ltr'>abbatis</span> <span class='ocrx_word' id='word_1_158' title='bbox 1177 2357 1266 2414; x_wconf 88' lang='lat' dir='ltr'>inter-</span> 
     </span>
     <span class='ocr_line' id='line_1_25' title="bbox 64 2437 1267 2514; baseline -0.002 -18"><span class='ocrx_word' id='word_1_159' title='bbox 64 2440 193 2496; x_wconf 86' lang='lat' dir='ltr'>cessione</span> <span class='ocrx_word' id='word_1_160' title='bbox 219 2439 346 2514; x_wconf 84' lang='lat' dir='ltr'>gratiam</span> <span class='ocrx_word' id='word_1_161' title='bbox 373 2445 433 2494; x_wconf 87' lang='lat' dir='ltr'>tuae</span> <span class='ocrx_word' id='word_1_162' title='bbox 468 2438 642 2513; x_wconf 88' lang='lat' dir='ltr'>placationis</span> <span class='ocrx_word' id='word_1_163' title='bbox 668 2437 801 2507; x_wconf 86' lang='lat' dir='ltr'>infunde,</span> <span class='ocrx_word' id='word_1_164' title='bbox 830 2443 865 2494; x_wconf 89' lang='lat' dir='ltr'>ut</span> <span class='ocrx_word' id='word_1_165' title='bbox 892 2437 999 2494; x_wconf 90' lang='lat' dir='ltr'>collata</span> <span class='ocrx_word' id='word_1_166' title='bbox 1025 2437 1110 2494; x_wconf 89' lang='lat' dir='ltr'>nobis</span> <span class='ocrx_word' id='word_1_167' title='bbox 1137 2438 1267 2495; x_wconf 92' lang='lat' dir='ltr'>remedia</span> 
     </span>
     <span class='ocr_line' id='line_1_26' title="bbox 62 2517 1013 2595; baseline -0.002 -19"><span class='ocrx_word' id='word_1_168' title='bbox 62 2521 173 2577; x_wconf 89' lang='lat' dir='ltr'>tuearis</span> <span class='ocrx_word' id='word_1_169' title='bbox 188 2527 218 2576; x_wconf 88' lang='lat' dir='ltr'>et</span> <span class='ocrx_word' id='word_1_170' title='bbox 232 2519 380 2595; x_wconf 91' lang='lat' dir='ltr'>propitius</span> <span class='ocrx_word' id='word_1_171' title='bbox 394 2518 569 2575; x_wconf 86' lang='lat' dir='ltr'>conferenda</span> <span class='ocrx_word' id='word_1_172' title='bbox 582 2518 724 2595; x_wconf 87' lang='lat' dir='ltr'>largiaris.</span> <span class='ocrx_word' id='word_1_173' title='bbox 769 2519 828 2576; x_wconf 88' lang='lat' dir='ltr'>Per</span> <span class='ocrx_word' id='word_1_174' title='bbox 841 2517 1013 2575; x_wconf 88' lang='lat' dir='ltr'>Dominum.</span> 
     </span>
    </p>

    <p class='ocr_par' dir='ltr' id='par_1_12' title="bbox 125 2601 367 2658">
     <span class='ocr_line' id='line_1_27' title="bbox 125 2601 367 2658; baseline 0 -2"><span class='ocrx_word' id='word_1_175' title='bbox 125 2601 367 2658; x_wconf 77' lang='lat' dir='ltr'>Postcommunio.</span> 
     </span>
    </p>

    <p class='ocr_par' dir='ltr' id='par_1_13' title="bbox 63 2679 1267 2902">
     <span class='ocr_line' id='line_1_28' title="bbox 124 2679 1267 2756; baseline -0.001 -18"><span class='ocrx_word' id='word_1_176' title='bbox 124 2682 249 2751; x_wconf 87' lang='lat' dir='ltr'>Refecti,</span> <span class='ocrx_word' id='word_1_177' title='bbox 273 2681 409 2753; x_wconf 87' lang='lat' dir='ltr'>Domine,</span> <span class='ocrx_word' id='word_1_178' title='bbox 433 2681 668 2756; x_wconf 87' lang='lat' dir='ltr'>participationis</span> <span class='ocrx_word' id='word_1_179' title='bbox 696 2681 821 2756; x_wconf 87' lang='lat' dir='ltr'>dapibus</span> <span class='ocrx_word' id='word_1_180' title='bbox 848 2680 994 2755; x_wconf 87' lang='lat' dir='ltr'>supplices</span> <span class='ocrx_word' id='word_1_181' title='bbox 1016 2679 1206 2755; x_wconf 88' lang='lat' dir='ltr'>deposcimus,</span> <span class='ocrx_word' id='word_1_182' title='bbox 1230 2686 1267 2737; x_wconf 91' lang='lat' dir='ltr'>ut</span> 
     </span>
     <span class='ocr_line' id='line_1_29' title="bbox 64 2761 1266 2838; baseline -0.002 -19"><span class='ocrx_word' id='word_1_183' title='bbox 64 2765 158 2819; x_wconf 85' lang='lat' dir='ltr'>sancti</span> <span class='ocrx_word' id='word_1_184' title='bbox 174 2762 273 2837; x_wconf 85' lang='lat' dir='ltr'>Egidii</span> <span class='ocrx_word' id='word_1_185' title='bbox 287 2761 459 2819; x_wconf 86' lang='lat' dir='ltr'>confessoris</span> <span class='ocrx_word' id='word_1_186' title='bbox 473 2762 520 2817; x_wconf 88' lang='lat' dir='ltr'>tui</span> <span class='ocrx_word' id='word_1_187' title='bbox 532 2762 668 2837; x_wconf 90' lang='lat' dir='ltr'>precibus</span> <span class='ocrx_word' id='word_1_188' title='bbox 682 2781 797 2838; x_wconf 89' lang='lat' dir='ltr'>semper</span> <span class='ocrx_word' id='word_1_189' title='bbox 806 2761 915 2818; x_wconf 85' lang='lat' dir='ltr'>divinae</span> <span class='ocrx_word' id='word_1_190' title='bbox 929 2761 1136 2818; x_wconf 89' lang='lat' dir='ltr'>consolationis</span> <span class='ocrx_word' id='word_1_191' title='bbox 1150 2780 1266 2818; x_wconf 90' lang='lat' dir='ltr'>muner-</span> 
     </span>
     <span class='ocr_line' id='line_1_30' title="bbox 63 2842 870 2902; baseline -0.002 -3"><span class='ocrx_word' id='word_1_192' title='bbox 63 2844 130 2900; x_wconf 90' lang='lat' dir='ltr'>ibus</span> <span class='ocrx_word' id='word_1_193' title='bbox 144 2845 298 2900; x_wconf 88' lang='lat' dir='ltr'>satientur.</span> <span class='ocrx_word' id='word_1_194' title='bbox 342 2843 401 2899; x_wconf 90' lang='lat' dir='ltr'>Per</span> <span class='ocrx_word' id='word_1_195' title='bbox 415 2842 584 2902; x_wconf 90' lang='lat' dir='ltr'>Dominum.</span> <span class='ocrx_word' id='word_1_196' title='bbox 865 2863 870 2874; x_wconf 92' lang='lat'><strong>·</strong></span> 
     </span>
    </p>
   </div>
   <div class='ocr_carea' id='block_1_5' title="bbox 244 2997 1081 3161">
    <p class='ocr_par' dir='ltr' id='par_1_14' title="bbox 244 2997 1081 3161">
     <span class='ocr_line' id='line_1_31' title="bbox 545 2997 785 3055; baseline 0.004 -1"><span class='ocrx_word' id='word_1_197' title='bbox 545 2997 637 3055; x_wconf 80' lang='lat' dir='ltr'>From</span> <span class='ocrx_word' id='word_1_198' title='bbox 657 2997 722 3055; x_wconf 79' lang='lat' dir='ltr'>MS.</span> <span class='ocrx_word' id='word_1_199' title='bbox 746 2998 785 3055; x_wconf 90' lang='lat' dir='ltr'>D.</span> 
     </span>
     <span class='ocr_line' id='line_1_32' title="bbox 244 3102 1081 3161; baseline 0 -1"><span class='ocrx_word' id='word_1_200' title='bbox 244 3103 285 3160; x_wconf 82' lang='lat' dir='ltr'>Iu</span> <span class='ocrx_word' id='word_1_201' title='bbox 305 3102 404 3161; x_wconf 84' lang='lat' dir='ltr'>Fnsro</span> <span class='ocrx_word' id='word_1_202' title='bbox 426 3102 640 3161; x_wconf 73' lang='lat' dir='ltr'>Vrsrrariorus</span> <span class='ocrx_word' id='word_1_203' title='bbox 662 3120 768 3160; x_wconf 76' lang='lat' dir='ltr'>enarra</span> <span class='ocrx_word' id='word_1_204' title='bbox 788 3103 905 3161; x_wconf 73' lang='lat' dir='ltr'>Mamm</span> <span class='ocrx_word' id='word_1_205' title='bbox 925 3103 1081 3160; x_wconf 83' lang='lat' dir='ltr'>Vmouus</span> 
     </span>
    </p>
   </div>
   <div class='ocr_carea' id='block_1_6' title="bbox 60 3225 1278 4496">
    <p class='ocr_par' dir='ltr' id='par_1_15' title="bbox 125 3225 619 3300">
     <span class='ocr_line' id='line_1_33' title="bbox 125 3225 619 3300; baseline -0.004 -17"><span class='ocrx_word' id='word_1_206' title='bbox 125 3226 264 3300; x_wconf 73' lang='lat' dir='ltr'>Officium.</span> <span class='ocrx_word' id='word_1_207' title='bbox 309 3225 497 3282; x_wconf 81' lang='lat' dir='ltr'>Gaudeamus</span> <span class='ocrx_word' id='word_1_208' title='bbox 511 3245 619 3282; x_wconf 81' lang='lat' dir='ltr'>omnes</span> 
     </span>
    </p>

    <p class='ocr_par' dir='ltr' id='par_1_16' title="bbox 123 3306 592 3364">
     <span class='ocr_line' id='line_1_34' title="bbox 123 3306 592 3364; baseline 0 -2"><span class='ocrx_word' id='word_1_209' title='bbox 123 3306 269 3363; x_wconf 77' lang='lat' dir='ltr'>Psalmaa.</span> <span class='ocrx_word' id='word_1_210' title='bbox 314 3306 441 3363; x_wconf 76' lang='lat' dir='ltr'>Caritate</span> <span class='ocrx_word' id='word_1_211' title='bbox 456 3307 592 3364; x_wconf 87' lang='lat' dir='ltr'>Domino.</span> 
     </span>
    </p>

    <p class='ocr_par' dir='ltr' id='par_1_17' title="bbox 125 3386 336 3444">
     <span class='ocr_line' id='line_1_35' title="bbox 125 3386 336 3444; baseline -0.005 0"><span class='ocrx_word' id='word_1_212' title='bbox 125 3387 228 3444; x_wconf 81' lang='lat' dir='ltr'>Gloria</span> <span class='ocrx_word' id='word_1_213' title='bbox 243 3386 336 3443; x_wconf 90' lang='lat' dir='ltr'>Patri.</span> 
     </span>
    </p>

    <p class='ocr_par' dir='ltr' id='par_1_18' title="bbox 126 3468 235 3525">
     <span class='ocr_line' id='line_1_36' title="bbox 126 3468 235 3525; baseline -0.009 0"><span class='ocrx_word' id='word_1_214' title='bbox 126 3468 235 3525; x_wconf 78' lang='lat' dir='ltr'>Oratio</span> 
     </span>
    </p>

    <p class='ocr_par' dir='ltr' id='par_1_19' title="bbox 60 3546 1278 3848">
     <span class='ocr_line' id='line_1_37' title="bbox 124 3546 1278 3624; baseline -0.001 -18"><span class='ocrx_word' id='word_1_215' title='bbox 124 3549 319 3624; x_wconf 89' lang='lat' dir='ltr'>Omnipotens</span> <span class='ocrx_word' id='word_1_216' title='bbox 342 3548 520 3624; x_wconf 89' lang='lat' dir='ltr'>sempiterne</span> <span class='ocrx_word' id='word_1_217' title='bbox 542 3546 632 3620; x_wconf 89' lang='lat' dir='ltr'>Deus,</span> <span class='ocrx_word' id='word_1_218' title='bbox 655 3547 708 3623; x_wconf 91' lang='lat' dir='ltr'>qui</span> <span class='ocrx_word' id='word_1_219' title='bbox 731 3567 769 3604; x_wconf 88' lang='lat' dir='ltr'>ex</span> <span class='ocrx_word' id='word_1_220' title='bbox 789 3547 973 3604; x_wconf 89' lang='lat' dir='ltr'>abundantia</span> <span class='ocrx_word' id='word_1_221' title='bbox 996 3547 1129 3604; x_wconf 87' lang='lat' dir='ltr'>caritatis</span> <span class='ocrx_word' id='word_1_222' title='bbox 1149 3548 1278 3606; x_wconf 88' lang='lat' dir='ltr'>beatam.</span> 
     </span>
     <span class='ocr_line' id='line_1_38' title="bbox 61 3627 1266 3705; baseline 0 -19"><span class='ocrx_word' id='word_1_223' title='bbox 61 3629 191 3686; x_wconf 90' lang='lat' dir='ltr'>Mariam</span> <span class='ocrx_word' id='word_1_224' title='bbox 215 3641 268 3686; x_wconf 90' lang='lat' dir='ltr'>tuo</span> <span class='ocrx_word' id='word_1_225' title='bbox 290 3630 369 3686; x_wconf 85' lang='lat' dir='ltr'>Filio</span> <span class='ocrx_word' id='word_1_226' title='bbox 391 3629 607 3705; x_wconf 82' lang='lat' dir='ltr'>impregnatam</span> <span class='ocrx_word' id='word_1_227' title='bbox 629 3630 666 3685; x_wconf 94' lang='lat' dir='ltr'>ad</span> <span class='ocrx_word' id='word_1_228' title='bbox 689 3629 898 3686; x_wconf 91' lang='lat' dir='ltr'>salutationem</span> <span class='ocrx_word' id='word_1_229' title='bbox 920 3627 1074 3685; x_wconf 84' lang='lat' dir='ltr'>Elimbeth</span> <span class='ocrx_word' id='word_1_230' title='bbox 1093 3629 1246 3704; x_wconf 86' lang='lat' dir='ltr'>inspirasti</span> <span class='ocrx_word' id='word_1_231' title='bbox 1258 3649 1266 3700; x_wconf 79' lang='lat'>3</span> 
     </span>
     <span class='ocr_line' id='line_1_39' title="bbox 61 3709 1265 3787; baseline 0 -20"><span class='ocrx_word' id='word_1_232' title='bbox 61 3717 179 3786; x_wconf 88' lang='lat' dir='ltr'>praesta,</span> <span class='ocrx_word' id='word_1_233' title='bbox 195 3730 372 3786; x_wconf 72' lang='lat' dir='ltr'>quaesumus,</span> <span class='ocrx_word' id='word_1_234' title='bbox 386 3716 422 3766; x_wconf 93' lang='lat' dir='ltr'>ut</span> <span class='ocrx_word' id='word_1_235' title='bbox 436 3730 488 3786; x_wconf 90' lang='lat' dir='ltr'>per</span> <span class='ocrx_word' id='word_1_236' title='bbox 506 3711 569 3785; x_wconf 84' lang='lat' dir='ltr'>ejus</span> <span class='ocrx_word' id='word_1_237' title='bbox 583 3710 795 3767; x_wconf 86' lang='lat' dir='ltr'>Visitationem</span> <span class='ocrx_word' id='word_1_238' title='bbox 809 3710 894 3766; x_wconf 87' lang='lat' dir='ltr'>donis</span> <span class='ocrx_word' id='word_1_239' title='bbox 903 3709 1069 3768; x_wconf 89' lang='lat' dir='ltr'>caelestibus</span> <span class='ocrx_word' id='word_1_240' title='bbox 1081 3710 1265 3787; x_wconf 88' lang='lat' dir='ltr'>impleamur,</span> 
     </span>
     <span class='ocr_line' id='line_1_40' title="bbox 60 3789 1127 3848; baseline 0 -1"><span class='ocrx_word' id='word_1_241' title='bbox 60 3798 91 3847; x_wconf 88' lang='lat' dir='ltr'>et</span> <span class='ocrx_word' id='word_1_242' title='bbox 104 3793 142 3848; x_wconf 92' lang='lat' dir='ltr'>ab</span> <span class='ocrx_word' id='word_1_243' title='bbox 157 3792 294 3848; x_wconf 89' lang='lat' dir='ltr'>omnibus</span> <span class='ocrx_word' id='word_1_244' title='bbox 308 3791 540 3848; x_wconf 88' lang='lat' dir='ltr'>adversitatibus</span> <span class='ocrx_word' id='word_1_245' title='bbox 554 3810 699 3848; x_wconf 87' lang='lat' dir='ltr'>eruamur.</span> <span class='ocrx_word' id='word_1_246' title='bbox 744 3790 802 3847; x_wconf 91' lang='lat' dir='ltr'>Per</span> <span class='ocrx_word' id='word_1_247' title='bbox 815 3789 942 3847; x_wconf 90' lang='lat' dir='ltr'>eundem</span> <span class='ocrx_word' id='word_1_248' title='bbox 957 3791 1127 3848; x_wconf 90' lang='lat' dir='ltr'>Dominum.</span> 
     </span>
    </p>

    <p class='ocr_par' dir='ltr' id='par_1_20' title="bbox 121 3870 959 3949">
     <span class='ocr_line' id='line_1_41' title="bbox 121 3870 959 3949; baseline 0 -21"><span class='ocrx_word' id='word_1_249' title='bbox 121 3872 219 3929; x_wconf 80' lang='lat' dir='ltr'>Lectio</span> <span class='ocrx_word' id='word_1_250' title='bbox 235 3872 304 3930; x_wconf 69' lang='lat' dir='ltr'>libri</span> <span class='ocrx_word' id='word_1_251' title='bbox 316 3872 473 3946; x_wconf 69' lang='lat' dir='ltr'>Sapientiae</span> <span class='ocrx_word' id='word_1_252' title='bbox 487 3871 591 3949; x_wconf 74' lang='lat' dir='ltr'>(Cant.</span> <span class='ocrx_word' id='word_1_253' title='bbox 609 3870 800 3929; x_wconf 75' lang='lat' dir='ltr'>Canticorama</span> <span class='ocrx_word' id='word_1_254' title='bbox 812 3871 845 3928; x_wconf 78' lang='lat' dir='ltr'>ii.</span> <span class='ocrx_word' id='word_1_255' title='bbox 862 3871 959 3947; x_wconf 76' lang='lat'><em>8-14).</em></span> 
     </span>
    </p>

    <p class='ocr_par' dir='ltr' id='par_1_21' title="bbox 121 3951 939 4028">
     <span class='ocr_line' id='line_1_42' title="bbox 121 3951 939 4028; baseline -0.001 -18"><span class='ocrx_word' id='word_1_256' title='bbox 121 3953 198 4010; x_wconf 90' lang='lat' dir='ltr'>Ecce</span> <span class='ocrx_word' id='word_1_257' title='bbox 212 3953 269 4009; x_wconf 86' lang='lat' dir='ltr'>iste</span> <span class='ocrx_word' id='word_1_258' title='bbox 282 3953 367 4010; x_wconf 89' lang='lat' dir='ltr'>venit</span> <span class='ocrx_word' id='word_1_259' title='bbox 380 3952 488 4010; x_wconf 87' lang='lat' dir='ltr'>saliens</span> <span class='ocrx_word' id='word_1_260' title='bbox 501 3972 591 4028; x_wconf 81' lang='lat' dir='ltr'>usquc</span> <span class='ocrx_word' id='word_1_261' title='bbox 605 3953 645 4009; x_wconf 84' lang='lat' dir='ltr'>cd</span> <span class='ocrx_word' id='word_1_262' title='bbox 659 3952 747 4010; x_wconf 86' lang='lat' dir='ltr'>facies</span> <span class='ocrx_word' id='word_1_263' title='bbox 761 3958 814 4009; x_wconf 89' lang='lat' dir='ltr'>tua</span> <span class='ocrx_word' id='word_1_264' title='bbox 827 3951 939 4009; x_wconf 86' lang='lat' dir='ltr'>decora.</span> 
     </span>
    </p>

    <p class='ocr_par' dir='ltr' id='par_1_22' title="bbox 66 4032 968 4190">
     <span class='ocr_line' id='line_1_43' title="bbox 123 4032 968 4110; baseline -0.002 -19"><span class='ocrx_word' id='word_1_265' title='bbox 123 4034 272 4092; x_wconf 55' lang='lat' dir='ltr'>Graeca&lt;</span> <span class='ocrx_word' id='word_1_266' title='bbox 302 4033 464 4091; x_wconf 90' lang='lat' dir='ltr'>Benedicta</span> <span class='ocrx_word' id='word_1_267' title='bbox 477 4039 507 4090; x_wconf 89' lang='lat' dir='ltr'>et</span> <span class='ocrx_word' id='word_1_268' title='bbox 520 4032 697 4091; x_wconf 88' lang='lat' dir='ltr'>venerabilis</span> <span class='ocrx_word' id='word_1_269' title='bbox 711 4052 751 4104; x_wconf 79' lang='lat' dir='ltr'>ee,</span> <span class='ocrx_word' id='word_1_270' title='bbox 765 4032 849 4110; x_wconf 86' lang='lat' dir='ltr'>virgo</span> <span class='ocrx_word' id='word_1_271' title='bbox 863 4032 968 4090; x_wconf 88' lang='lat' dir='ltr'>Maria.</span> 
     </span>
     <span class='ocr_line' id='line_1_44' title="bbox 66 4113 298 4190; baseline 0.013 -20"><span class='ocrx_word' id='word_1_272' title='bbox 66 4113 96 4171; x_wconf 64' lang='grc' dir='ltr'>Γ.</span> <span class='ocrx_word' id='word_1_273' title='bbox 123 4114 220 4190; x_wconf 85' lang='lat' dir='ltr'>Virgo</span> <span class='ocrx_word' id='word_1_274' title='bbox 234 4114 298 4174; x_wconf 80' lang='lat' dir='ltr'>Dei</span> 
     </span>
    </p>

    <p class='ocr_par' dir='ltr' id='par_1_23' title="bbox 60 4193 1263 4353">
     <span class='ocr_line' id='line_1_45' title="bbox 118 4193 1263 4272; baseline -0.001 -20"><span class='ocrx_word' id='word_1_275' title='bbox 118 4196 267 4269; x_wconf 90' lang='lat' dir='ltr'>Alleluya.</span> <span class='ocrx_word' id='word_1_276' title='bbox 317 4196 346 4253; x_wconf 86' lang='lat' dir='ltr'>V.</span> <span class='ocrx_word' id='word_1_277' title='bbox 372 4196 411 4252; x_wconf 91' lang='lat' dir='ltr'>In</span> <span class='ocrx_word' id='word_1_278' title='bbox 432 4194 531 4252; x_wconf 90' lang='lat' dir='ltr'>Maria</span> <span class='ocrx_word' id='word_1_279' title='bbox 550 4195 706 4272; x_wconf 85' lang='lat' dir='ltr'>virginitas</span> <span class='ocrx_word' id='word_1_280' title='bbox 730 4214 784 4270; x_wconf 91' lang='lat' dir='ltr'>per</span> <span class='ocrx_word' id='word_1_281' title='bbox 807 4194 914 4252; x_wconf 89' lang='lat' dir='ltr'>saecula</span> <span class='ocrx_word' id='word_1_282' title='bbox 937 4193 1169 4265; x_wconf 86' lang='lat' dir='ltr'>commendatur,</span> <span class='ocrx_word' id='word_1_283' title='bbox 1191 4193 1263 4251; x_wconf 92' lang='lat' dir='ltr'>dum</span> 
     </span>
     <span class='ocr_line' id='line_1_46' title="bbox 60 4276 648 4353; baseline 0.007 -23"><span class='ocrx_word' id='word_1_284' title='bbox 60 4276 185 4334; x_wconf 89' lang='lat' dir='ltr'>visitans</span> <span class='ocrx_word' id='word_1_285' title='bbox 200 4276 354 4345; x_wconf 81' lang='lat' dir='ltr'>Elizabeth</span> <span class='ocrx_word' id='word_1_286' title='bbox 368 4276 487 4333; x_wconf 86' lang='lat' dir='ltr'>subdita</span> <span class='ocrx_word' id='word_1_287' title='bbox 500 4277 648 4353; x_wconf 88' lang='lat' dir='ltr'>probatur.</span> 
     </span>
    </p>

    <p class='ocr_par' dir='ltr' id='par_1_24' title="bbox 63 4354 1266 4496">
     <span class='ocr_line' id='line_1_47' title="bbox 119 4354 1266 4433; baseline -0.003 -18"><span class='ocrx_word' id='word_1_288' title='bbox 119 4356 161 4414; x_wconf 81' lang='lat' dir='ltr'>Io</span> <span class='ocrx_word' id='word_1_289' title='bbox 197 4366 319 4433; x_wconf 81' lang='lat' dir='ltr'>tempore</span> <span class='ocrx_word' id='word_1_290' title='bbox 351 4357 498 4426; x_wconf 66' lang='lat' dir='ltr'>Parricidi,</span> <span class='ocrx_word' id='word_1_291' title='bbox 534 4356 684 4432; x_wconf 82' lang='lat' dir='ltr'>Alleluya.</span> <span class='ocrx_word' id='word_1_292' title='bbox 762 4354 791 4413; x_wconf 83' lang='lat' dir='ltr'>V.</span> <span class='ocrx_word' id='word_1_293' title='bbox 834 4355 905 4432; x_wconf 84' lang='lat' dir='ltr'>Spes</span> <span class='ocrx_word' id='word_1_294' title='bbox 933 4354 1022 4412; x_wconf 90' lang='lat' dir='ltr'>datur</span> <span class='ocrx_word' id='word_1_295' title='bbox 1049 4354 1130 4412; x_wconf 90' lang='lat' dir='ltr'>omni</span> <span class='ocrx_word' id='word_1_296' title='bbox 1157 4356 1266 4433; x_wconf 90' lang='lat' dir='ltr'>populo</span> 
     </span>
     <span class='ocr_line' id='line_1_48' title="bbox 63 4435 1129 4496; baseline -0.004 0"><span class='ocrx_word' id='word_1_297' title='bbox 63 4437 191 4496; x_wconf 85' lang='lat' dir='ltr'>Mariam</span> <span class='ocrx_word' id='word_1_298' title='bbox 206 4458 276 4496; x_wconf 86' lang='lat' dir='ltr'>mox</span> <span class='ocrx_word' id='word_1_299' title='bbox 289 4439 426 4496; x_wconf 89' lang='lat' dir='ltr'>invocare</span> <span class='ocrx_word' id='word_1_300' title='bbox 439 4438 555 4495; x_wconf 89' lang='lat' dir='ltr'>videnti</span> <span class='ocrx_word' id='word_1_301' title='bbox 568 4438 645 4495; x_wconf 86' lang='lat' dir='ltr'>hanc</span> <span class='ocrx_word' id='word_1_302' title='bbox 659 4436 814 4494; x_wconf 87' lang='lat' dir='ltr'>Elizabeth</span> <span class='ocrx_word' id='word_1_303' title='bbox 828 4435 985 4493; x_wconf 84' lang='lat' dir='ltr'>humiliter</span> <span class='ocrx_word' id='word_1_304' title='bbox 998 4436 1129 4493; x_wconf 85' lang='lat' dir='ltr'>visitare.</span> 
     </span>
    </p>
   </div>
   <div class='ocr_carea' id='block_1_7' title="bbox 0 0 1460 4904">
    <p class='ocr_par' dir='ltr' id='par_1_25' title="bbox 0 0 1460 4904">
     <span class='ocr_line' id='line_1_49' title="bbox 0 0 1460 4904; baseline 0 1"><span class='ocrx_word' id='word_1_305' title='bbox 0 0 1460 4904; x_wconf 95' lang='lat' dir='ltr'> </span> 
     </span>
    </p>
   </div>
  </div>
 </body>
</html>
