2910 4904
201 294 261 359 176
598 289 773 356 Orationes
797 289 1004 355 Communes.

666 481 732 539 Pao
753 479 932 538 Sannrrrso.

264 563 372 621 Oratio.

258 642 438 720 Suppliciter
457 648 496 716 te,
511 642 594 700 Deus
607 641 706 712 Pater,
721 640 774 717 qui
788 661 818 698 es
839 646 953 699 creator
973 639 1106 699 omnium
1118 660 1228 714 rerum,
1242 641 1408 736 depreeor3

197 730 241 795 ut,
266 725 339 781 dum
365 743 413 781 me
436 687 581 781 faniulum
603 729 691 780 tuum
714 721 753 780 N.
780 741 879 779 coram
905 721 1122 799 omnipotentia
1148 723 1319 799 maJ'estatis
1345 730 1407 783 tun

196 805 327 882 graviter
359 805 517 880 deliquisse
552 803 702 873 confiteor,
730 822 854 860 manum
894 803 969 860 mihi
1005 802 1212 862 misericordiae
1250 804 1406 897 porrigan3

197 887 338 962 quatinus
352 885 423 942 dum
436 904 490 961 ego
503 885 579 942 hanc
593 883 773 941 oblationem
785 890 846 941 tuae
867 883 973 960 pietati
994 902 1048 960 pro
1060 884 1186 960 peccatis
1206 885 1283 943 meis
1303 886 1404 961 offero,

196 967 275 1043 quod
287 966 424 1042 nequiter
437 965 542 1024 admisi
556 965 781 1023 clementissime
795 964 923 1040 digneris
936 964 1093 1023 absolvere.
1136 964 1197 1023 Per
1206 966 1384 1025 Dominum.

256 1046 377 1106 Secreto.

257 1128 339 1186 Deus
353 1127 567 1197 misericordiae,
578 1127 660 1184 Deus
673 1126 802 1202 pietatis,
817 1124 899 1183 Deus
912 1125 1105 1202 indulgentiae
1118 1145 1128 1198 3
1143 1125 1277 1204 indulge,
1292 1146 1401 1204 quaeso,

196 1215 227 1266 et
240 1209 378 1266 miserere
391 1208 450 1265 mei
464 1208 541 1265 servi
564 1207 621 1279 tui,
642 1213 678 1263 ut
702 1207 876 1264 sacrificium
899 1206 979 1283 quod
1002 1207 1107 1282 pietati
1120 1213 1180 1264 ιιι
1201 1227 1257 1284 pro
1275 1210 1404 1285 peccatis

195 1291 268 1347 meis
282 1290 379 1362 offero,
394 1289 519 1365 benigne
533 1289 678 1365 suscipere
692 1287 821 1364 digneris
832 1307 841 1360 3
861 1294 892 1345 et
915 1297 1034 1365 peccata
1047 1307 1112 1364 quae
1133 1287 1305 1347 labentibus
1317 1290 1403 1349 vitiis

195 1390 248 1448 per
267 1370 465 1446 ignorantiam
479 1370 623 1439 contraxi,
638 1369 704 1445 pius
728 1387 762 1425 ac
785 1368 931 1444 propitius
954 1388 988 1425 aa
1001 1368 1164 1426 misericors
1176 1368 1335 1447 indulgeas
1342 1390 1353 1444 3
1371 1376 1404 1429 et

195 1452 292 1508 locum
315 1451 495 1527 paenitentiae
519 1469 553 1507 ac
576 1449 700 1506 flumina
722 1448 920 1524 lacrymarum
944 1449 1091 1521 concedas,
1117 1455 1154 1506 ut
1176 1450 1299 1509 veniam
1325 1470 1344 1509 a
1370 1456 1402 1510 te

195 1552 308 1589 merear
320 1533 449 1608 accipere
463 1531 645 1588 delictorum.
688 1529 754 1586 Per.

255 1612 497 1670 Postcommuac'o.

256 1694 345 1766 Deus,
361 1694 413 1770 qui
436 1693 574 1750 vivorum
596 1711 627 1749 es
651 1691 780 1748 salvator
803 1690 944 1762 omnium,
960 1691 1013 1767 qui
1026 1710 1087 1748 non
1100 1690 1146 1749 ris
1158 1696 1288 1750 mortem
1301 1711 1403 1769 pecca-

193 1780 293 1830 torum
314 1794 368 1831 nec
391 1773 501 1830 laetaris
522 1773 555 1829 in
578 1772 743 1848 perditione
766 1771 956 1829 morientium
967 1791 976 1843 3
996 1778 1026 1829 te
1045 1771 1169 1848 supplex
1190 1772 1344 1850 deprecor,
1365 1780 1402 1833 ut

193 1855 332 1911 concedas
353 1855 428 1911 mihi
454 1853 571 1911 veniam
599 1853 772 1910 delictorum
797 1872 937 1923 meorum,
960 1858 996 1909 ut
1019 1858 1049 1909 et
1072 1853 1200 1910 admissa
1222 1853 1351 1913 defleam
1370 1860 1402 1913 et

193 1936 380 2011 postmodum
402 1954 462 1992 non
487 1934 645 1992 admittam
656 1953 665 2005 3
689 1939 725 1990 ut
748 1952 815 1988 cum
839 1934 913 1989 mihi
935 1938 1068 1990 extrema
1089 1933 1152 1991 dies
1173 1934 1303 2011 finisque
1327 1936 1401 1995 vita

193 2035 264 2072 meae
286 2016 448 2087 advenerit,
475 2014 663 2072 emendatum
689 2014 805 2071 delictis
839 2014 975 2072 omnibus
1006 2033 1053 2071 me
1080 2013 1202 2090 augelus
1228 2016 1401 2075 sanctitatis

193 2096 324 2172 accipiat.
368 2096 433 2155 Per.

554 2209 607 2265 Ao
629 2224 850 2266 rosrutaunan
872 2207 1026 2265 Galama.

254 2290 363 2350 Oratio.

253 2372 343 2444 Deus,
358 2371 407 2429 oui
420 2390 506 2428 omne
520 2390 570 2427 cor
582 2375 674 2446 patet,
685 2375 715 2427 et
729 2369 825 2427 omnis
834 2369 971 2426 voluntas
979 2368 1120 2446 loquitur,
1131 2375 1162 2427 et
1176 2388 1266 2445 quem
1279 2370 1398 2431 nullum

190 2453 265 2511 latet
292 2458 435 2511 secretum
446 2472 454 2524 3
484 2451 606 2527 purifica
633 2470 686 2526 per
712 2450 889 2507 infusionem
916 2449 1018 2507 Sancti
1045 2449 1174 2527 Spiritus
1201 2452 1399 2528 cogitationes

191 2535 286 2592 cordis
299 2534 402 2606 nostri,
417 2539 452 2589 ut
475 2532 603 2608 perfecte
627 2538 657 2589 te
681 2531 802 2608 diligere
826 2537 857 2587 et
880 2530 967 2606 digne
985 2531 1105 2589 laudare
1117 2550 1294 2591 mereamur.
1339 2534 1398 2593 Per

192 2615 361 2673 Dominum.
405 2614 444 2670 In
458 2614 582 2670 unitate.

250 2696 371 2754 Secreto.

252 2777 327 2834 Haec
337 2776 457 2846 oblatio,
468 2793 643 2851 quaesumus.
654 2773 781 2830 Domine
791 2772 881 2843 Deus,
892 2773 987 2829 cordis
997 2772 1092 2830 nostm’
1101 2774 1233 2832 maculas
1244 2774 1395 2847 emundet,

191 2863 226 2914 ut
241 2857 343 2914 Sancti
357 2856 486 2934 Spiritus
500 2855 589 2932 digna
604 2854 748 2912 efficiatur
761 2854 914 2911 habitatio,
946 2853 1004 2911 Per
1016 2853 1188 2911 Dominum.
1222 2854 1263 2913 In
1276 2856 1396 2917 unitate

191 2938 329 3013 ejusdem.

250 3017 491 3075 Poetcornoearac'a

251 3098 431 3155 Sacrificium
466 3097 568 3154 salutis
602 3101 709 3153 nostrae
744 3101 901 3165 sumentes,
936 3095 1059 3153 concede
1085 3096 1181 3168 nobis,
1211 3116 1392 3173 quaesumus,

190 3180 318 3237 Domine
342 3179 433 3250 Deus,
448 3197 500 3254 per
523 3177 649 3253 gratiam
672 3177 774 3233 Sancti
796 3176 924 3252 Spiritus
944 3176 1106 3252 purificatis
1119 3177 1272 3235 mentibus
1285 3180 1393 3257 sapius

188 3268 248 3319 tuae
262 3259 380 3336 pietatis
393 3260 580 3334 frequentare
593 3257 775 3334 mysterium.
819 3257 883 3314 Per.
927 3257 966 3314 In
979 3258 1104 3315 unitate.

538 3445 664 3503 Conana
684 3446 898 3503 Tarrnrmnns
918 3463 1035 3504 curare.

248 3527 357 3585 Oratio.

248 3609 312 3667 Ure
325 3609 393 3685 igne
408 3608 510 3665 Sancti
531 3607 660 3683 Spiritus
676 3627 760 3664 renes
773 3614 890 3665 nostros
903 3616 933 3665 et
947 3608 1034 3666 corda
1047 3613 1158 3681 nostra,
1181 3610 1315 3671 Domine
1323 3633 1334 3688 3
1353 3620 1388 3673 ut

186 3691 243 3747 tibi
257 3696 336 3747 casto
350 3708 469 3765 corpore
484 3690 653 3760 serviamus,
670 3695 700 3745 et
714 3688 824 3745 mundo
838 3688 924 3746 corde
937 3690 1111 3765 placeamus.
1155 3690 1223 3749 Per.

246 3770 367 3830 Secreto.

246 3852 399 3926 Dirumpe‚
416 3850 553 3921 Domine,
566 3848 687 3906 vincula
699 3856 886 3944 peccatorum
899 3856 1087 3922 nostrorum3
1101 3855 1137 3908 ιιι
1150 3852 1319 3915 sacrificare
1331 3854 1387 3915 tibi

184 3934 312 3991 hostiam
322 3931 418 3989 laudis
427 3930 563 3987 absoluta
573 3931 710 3987 libertate
721 3932 878 4005 possimus3
892 3938 922 3987 et
933 3932 1013 3989 salva
1027 3952 1080 3989 nos
1090 3952 1144 4009 per
1153 3933 1384 4013 indulgentiam,

184 4035 257 4091 quos
271 4014 410 4089 dignatus
424 4031 454 4068 cs
468 4011 581 4069 salvare
594 4031 647 4087 per
660 4011 795 4086 gratiam.
838 4012 897 4068 Per
910 4013 1081 4070 Dominum.

243 4096 314 4153 Post
303 4093 484 4152 tcomoeaaio.

243 4177 334 4246 Deus,
353 4174 472 4250 adjutor
491 4178 591 4229 noster
612 4180 643 4229 et
660 4178 816 4247 protector,
836 4173 883 4249 adj
888 4193 946 4231 uva
965 4193 1019 4231 nos
1041 4193 1095 4251 per
1112 4175 1260 4235 virtutem
1283 4176 1385 4237 Sancti

183 4258 311 4334 Spiritus
329 4262 382 4312 tua
399 4266 501 4312 sancta
518 4257 687 4323 sumentes3
708 4259 742 4309 ut
759 4254 896 4311 refloreat
915 4275 983 4312 caro
1000 4262 1102 4314 nostra
1116 4257 1219 4335 vigore
1232 4258 1385 4335 pudicitiae

182 4349 212 4396 et
227 4336 427 4394 sanctimoniae
441 4334 594 4405 novitate3
617 4341 699 4409 crept
701 4353 807 4410 amque
821 4335 858 4392 dc
875 4354 966 4393 manu
976 4334 1118 4394 tartari
1107 4356 1142 4396 ιιι
1159 4340 1385 4399 resurrectionis

181 4418 311 4496 gaudioJ
305 4418 404 4475 ubeas
417 4416 598 4494 praesentari.
642 4415 700 4473 Per
714 4415 884 4474 Dominum.
927 4416 966 4474 In
980 4417 1106 4477 unitate.
