2910 4904
129 330 193 393 210
519 325 705 413 Sequentia
729 308 938 395 commones.

186 493 227 552 Ia
239 493 505 553 comemmoratione
522 494 609 552 beotae
623 494 731 552 llario
751 494 785 552 io
806 504 928 570 tempore
948 494 1088 554 Paschali
1108 497 1249 557 limantur
1267 499 1320 557 isto

124 577 191 634 dee
203 575 366 651 Sequentia
379 575 547 633 alternatim
559 598 569 634 :

245 680 367 758 Virgini
381 679 486 737 Mariae
500 679 602 738 laudes
614 679 756 738 intonant
770 679 941 751 christiani,

247 761 312 819 Eva
326 760 421 818 tristis
434 761 567 833 abstulit,

247 842 306 900 Sed
320 842 419 899 Maria
432 841 560 918 protulit

246 922 372 993 Natum,
387 923 440 998 qui
453 921 579 980 redemit
591 926 764 997 peccatores.

246 1002 269 1061 J
270 1023 304 1061 us
318 1009 349 1061 et
360 1003 457 1061 virtus
471 1002 591 1060 modulo
604 1021 767 1061 convenere
780 1003 924 1060 mirando.

248 1084 354 1142 Mariae
368 1084 447 1141 filius
460 1090 565 1160 regnat
580 1083 670 1141 Deus.

248 1164 307 1223 Dic
320 1164 416 1236 nobis,
431 1164 539 1236 Maria,

247 1246 344 1321 Virgo
357 1246 484 1303 clemens
498 1251 529 1302 et
542 1245 609 1321 pia,

249 1326 402 1397 Quomodo
415 1326 493 1384 facta
506 1346 536 1383 es
549 1325 694 1402 genetrix,
708 1346 775 1383 cum
790 1333 825 1383 tu
839 1326 878 1384 sis
891 1326 1005 1404 plasma
1018 1345 1056 1384 ex
1070 1333 1101 1385 te
1115 1330 1272 1387 uescentisl

249 1409 385 1485 Angelus
399 1413 444 1465 est
457 1408 542 1465 testis

247 1489 299 1546 Ad
313 1508 361 1546 me
375 1488 480 1546 missus
494 1487 617 1546 caelestis
625 1509 635 1561 3

248 1570 280 1628 N
281 1575 349 1627 atus
362 1575 407 1626 est
420 1589 459 1626 ex
471 1588 518 1626 me
532 1588 597 1645 spes
610 1589 684 1639 mea,

248 1650 307 1709 Sed
320 1650 472 1708 incredula
485 1656 585 1707 manet
598 1649 620 1708 J
624 1650 713 1707 udaea.

249 1731 434 1790 Credendum
450 1738 495 1789 est
507 1731 601 1807 magis
615 1729 670 1788 soli
684 1730 816 1789 Gabrieli
828 1730 909 1802 forti,

248 1813 346 1882 Quam
358 1812 381 1871 J
382 1810 533 1870 udaeorum
546 1831 645 1888 provee
659 1811 780 1868 cohorti

249 1893 365 1951 Scimus
379 1893 533 1951 Christum
546 1892 717 1969 processisse
731 1912 770 1949 ex
784 1891 883 1951 Maria
896 1912 986 1965 vere;

248 1973 294 2030 Tu
308 1973 400 2047 uobis,
415 1980 486 2032 nate
499 1993 562 2045 rex,
578 1973 721 2031 miserere.

187 2095 258 2152 Alio
270 2094 434 2171 Sequentia.
478 2095 585 2153 Stabat
593 2095 685 2171 juxta
698 2114 815 2153 crucem
829 2094 951 2168 Christi,
966 2103 1002 2153 at
1014 2115 1115 2171 amre.

187 2188 262 2247 Item
276 2187 339 2247 olio
350 2187 514 2264 Sequentia.

477 2282 593 2339 Laudes
608 2280 726 2339 Ohristo
740 2281 936 2355 decantemus,

476 2362 550 2439 Ejus
563 2363 667 2419 matris
680 2361 733 2438 qui
746 2362 908 2438 gaudemus

517 2442 643 2519 Speciali
655 2442 757 2518 gloria.

475 2532 571 2591 Dulce
585 2532 676 2589 melos
689 2532 787 2608 pulset
800 2531 885 2589 caelos
896 2551 905 2604 3

476 2613 556 2671 Nam
570 2613 730 2688 benignam
744 2612 824 2670 dulci
837 2612 959 2690 dignam

516 2694 671 2752 Credimus
684 2692 818 2751 melodia

475 2783 554 2841 Voci
567 2783 631 2840 vita
645 2782 854 2855 conformetur,

476 2864 524 2922 Ut
537 2864 648 2921 sincere
661 2863 827 2921 celebretur

516 2944 621 3003 Mariae
635 2945 783 3004 memoria

475 3034 638 3092 Salvatoris
652 3040 777 3092 matrem
790 3033 922 3105 laudent,

476 3115 536 3185 Qui
549 3135 602 3190 per
615 3134 679 3172 eam
693 3116 752 3172 sibi
764 3115 896 3192 gaudent

516 3195 597 3253 Vitae
611 3194 676 3252 dari
689 3216 822 3254 munera.

474 3287 586 3345 Dicant
600 3306 701 3344 omnes
715 3293 745 3344 et
758 3287 860 3345 dicant
873 3286 992 3364 singuli,

474 3369 543 3427 Ave
557 3368 635 3425 salus
648 3367 742 3424 totius
755 3367 867 3444 populi,

514 3449 610 3526 Virgo
625 3455 656 3507 et
668 3469 820 3526 puerpera.

475 3540 501 3598 Ο
516 3560 604 3618 quam
617 3540 699 3611 felix,
714 3559 803 3616 quam
817 3539 965 3616 praeclara,

474 3622 570 3698 Virgo
584 3628 678 3680 mater
691 3620 756 3678 Deo
771 3640 846 3692 cara,

514 3702 603 3760 Sacro
617 3703 704 3779 plene
717 3701 859 3760 Flamina.

476 3793 566 3869 Agno
579 3793 642 3850 sine
655 3791 772 3848 macula

476 3873 576 3931 Laetis
589 3873 670 3930 dedit
683 3873 789 3948 pocula

517 3954 580 4012 Sub
593 3953 689 4011 carnis
701 3952 855 4011 velamine.

476 4044 551 4102 Haec
565 4049 610 4101 est
623 4043 700 4100 scula
713 4048 908 4118 peccatorum,

476 4125 535 4183 Per
547 4144 634 4201 quem
651 4123 787 4181 Christus
800 4142 855 4180 rex
867 4123 1006 4181 caelorum

516 4205 677 4263 Descendit
690 4204 727 4262 ad
740 4204 850 4261 infima

476 4296 585 4354 Forma
598 4295 682 4371 cujus
695 4293 862 4370 singularis,

475 4377 535 4436 Per
547 4396 636 4453 quam
649 4376 724 4433 roris
738 4375 874 4432 salutaris

515 4458 603 4517 Dona
616 4457 726 4516 dantur
737 4455 853 4514 intima.
