<?xml version="1.0" encoding="UTF-8"?>
<!DOCTYPE html PUBLIC "-//W3C//DTD XHTML 1.0 Transitional//EN"
    "http://www.w3.org/TR/xhtml1/DTD/xhtml1-transitional.dtd">
<html xmlns="http://www.w3.org/1999/xhtml" xml:lang="en" lang="en">
 <head>
  <title>
</title>
<meta http-equiv="Content-Type" content="text/html;charset=utf-8" />
  <meta name='ocr-system' content='tesseract 3.04.00' />
  <meta name='ocr-capabilities' content='ocr_page ocr_carea ocr_par ocr_line ocrx_word'/>
</head>
<body>
  <div class='ocr_page' id='page_1' title='image "./missaleadusumin01churgoog_0227.png"; bbox 0 0 2910 4904; ppageno 0'>
   <div class='ocr_carea' id='block_1_1' title="bbox 610 301 1028 389">
    <p class='ocr_par' dir='ltr' id='par_1_1' title="bbox 610 301 1028 389">
     <span class='ocr_line' id='line_1_1' title="bbox 610 301 1028 389; baseline -0.002 -18"><span class='ocrx_word' id='word_1_1' title='bbox 610 301 796 389; x_wconf 71' lang='lat' dir='ltr'>&amp;quentiae</span> <span class='ocrx_word' id='word_1_2' title='bbox 819 301 1028 370; x_wconf 76' lang='lat' dir='ltr'>Cornmnnee.</span> 
     </span>
    </p>
   </div>
   <div class='ocr_carea' id='block_1_2' title="bbox 334 468 1418 1277">
    <p class='ocr_par' dir='ltr' id='par_1_2' title="bbox 338 468 1002 546">
     <span class='ocr_line' id='line_1_2' title="bbox 338 468 1002 546; baseline -0.002 -16"><span class='ocrx_word' id='word_1_3' title='bbox 338 470 385 530; x_wconf 92' lang='lat' dir='ltr'>Hi</span> <span class='ocrx_word' id='word_1_4' title='bbox 398 468 652 530; x_wconf 79' lang='lat' dir='ltr'>enntcnndelebra</span> <span class='ocrx_word' id='word_1_5' title='bbox 664 475 735 528; x_wconf 84' lang='lat' dir='ltr'>ente</span> <span class='ocrx_word' id='word_1_6' title='bbox 748 470 847 528; x_wconf 90' lang='lat' dir='ltr'>Deum</span> <span class='ocrx_word' id='word_1_7' title='bbox 860 468 1002 546; x_wconf 75' lang='lat' dir='ltr'>lucentia,</span> 
     </span>
    </p>

    <p class='ocr_par' dir='ltr' id='par_1_3' title="bbox 337 551 993 630">
     <span class='ocr_line' id='line_1_3' title="bbox 337 551 993 630; baseline 0 -20"><span class='ocrx_word' id='word_1_8' title='bbox 337 552 384 610; x_wconf 92' lang='lat' dir='ltr'>Hi</span> <span class='ocrx_word' id='word_1_9' title='bbox 397 551 522 630; x_wconf 70' lang='lat' dir='ltr'>praelati,</span> <span class='ocrx_word' id='word_1_10' title='bbox 537 551 613 610; x_wconf 81' lang='lat' dir='ltr'>celsa</span> <span class='ocrx_word' id='word_1_11' title='bbox 626 551 737 608; x_wconf 80' lang='lat' dir='ltr'>nummi</span> <span class='ocrx_word' id='word_1_12' title='bbox 749 551 842 629; x_wconf 81' lang='lat' dir='ltr'>Regis</span> <span class='ocrx_word' id='word_1_13' title='bbox 854 551 888 609; x_wconf 91' lang='lat' dir='ltr'>in</span> <span class='ocrx_word' id='word_1_14' title='bbox 902 552 993 624; x_wconf 86' lang='lat' dir='ltr'>curie,</span> 
     </span>
    </p>

    <p class='ocr_par' dir='ltr' id='par_1_4' title="bbox 336 630 1159 705">
     <span class='ocr_line' id='line_1_4' title="bbox 336 630 1159 705; baseline 0.001 -14"><span class='ocrx_word' id='word_1_15' title='bbox 336 633 384 691; x_wconf 91' lang='lat' dir='ltr'>Hi</span> <span class='ocrx_word' id='word_1_16' title='bbox 397 633 441 691; x_wconf 79' lang='lat' dir='ltr'>eal</span> <span class='ocrx_word' id='word_1_17' title='bbox 454 638 551 705; x_wconf 85' lang='lat' dir='ltr'>terrae,</span> <span class='ocrx_word' id='word_1_18' title='bbox 565 631 598 689; x_wconf 91' lang='lat' dir='ltr'>hi</span> <span class='ocrx_word' id='word_1_19' title='bbox 611 632 666 690; x_wconf 83' lang='lat' dir='ltr'>lux</span> <span class='ocrx_word' id='word_1_20' title='bbox 679 632 794 703; x_wconf 87' lang='lat' dir='ltr'>mundi,</span> <span class='ocrx_word' id='word_1_21' title='bbox 808 633 841 689; x_wconf 91' lang='lat' dir='ltr'>hi</span> <span class='ocrx_word' id='word_1_22' title='bbox 854 630 934 691; x_wconf 82' lang='lat' dir='ltr'>clare</span> <span class='ocrx_word' id='word_1_23' title='bbox 947 631 1012 692; x_wconf 77' lang='lat' dir='ltr'>celi</span> <span class='ocrx_word' id='word_1_24' title='bbox 1024 630 1159 692; x_wconf 79' lang='lat' dir='ltr'>luminu:</span> 
     </span>
    </p>

    <p class='ocr_par' dir='ltr' id='par_1_5' title="bbox 334 712 1418 1111">
     <span class='ocr_line' id='line_1_5' title="bbox 337 712 1418 808; baseline 0.004 -35"><span class='ocrx_word' id='word_1_25' title='bbox 337 715 503 808; x_wconf 53' lang='lat' dir='ltr'>Oquante3</span> <span class='ocrx_word' id='word_1_26' title='bbox 514 732 605 807; x_wconf 72' lang='lat' dir='ltr'>quam</span> <span class='ocrx_word' id='word_1_27' title='bbox 625 713 775 791; x_wconf 70' lang='lat' dir='ltr'>praeclare,</span> <span class='ocrx_word' id='word_1_28' title='bbox 790 732 880 790; x_wconf 81' lang='lat' dir='ltr'>quam</span> <span class='ocrx_word' id='word_1_29' title='bbox 895 714 1027 791; x_wconf 80' lang='lat' dir='ltr'>jocunde</span> <span class='ocrx_word' id='word_1_30' title='bbox 1040 714 1229 773; x_wconf 79' lang='lat' dir='ltr'>celebrantur</span> <span class='ocrx_word' id='word_1_31' title='bbox 1244 712 1303 775; x_wconf 80' lang='lat' dir='ltr'>hcc</span> <span class='ocrx_word' id='word_1_32' title='bbox 1319 735 1418 777; x_wconf 72' lang='lat' dir='ltr'>menn</span> 
     </span>
     <span class='ocr_line' id='line_1_6' title="bbox 334 813 1418 969; baseline 0.003 -33"><span class='ocrx_word' id='word_1_33' title='bbox 334 875 407 936; x_wconf 80' lang='lat' dir='ltr'>Jem</span> <span class='ocrx_word' id='word_1_34' title='bbox 417 813 626 969; x_wconf 40' lang='grc' dir='ltr'>οῧὲλνιῖιαῗαῇαω</span> <span class='ocrx_word' id='word_1_35' title='bbox 653 893 769 949; x_wconf 84' lang='lat' dir='ltr'>corone,</span> <span class='ocrx_word' id='word_1_36' title='bbox 793 875 858 951; x_wconf 85' lang='lat' dir='ltr'>jem</span> <span class='ocrx_word' id='word_1_37' title='bbox 885 874 1029 954; x_wconf 77' lang='lat' dir='ltr'>promisee</span> <span class='ocrx_word' id='word_1_38' title='bbox 1056 875 1129 936; x_wconf 92' lang='lat' dir='ltr'>clim</span> <span class='ocrx_word' id='word_1_39' title='bbox 1155 895 1261 937; x_wconf 78' lang='lat' dir='ltr'>meuse</span> <span class='ocrx_word' id='word_1_40' title='bbox 1286 878 1350 937; x_wconf 77' lang='lat' dir='ltr'>illie</span> <span class='ocrx_word' id='word_1_41' title='bbox 1375 883 1418 939; x_wconf 80' lang='lat' dir='ltr'>ert</span> 
     </span>
     <span class='ocr_line' id='line_1_7' title="bbox 334 962 762 1111; baseline -0.009 -15"><span class='ocrx_word' id='word_1_42' title='bbox 334 1036 398 1096; x_wconf 93' lang='lat' dir='ltr'>Hic</span> <span class='ocrx_word' id='word_1_43' title='bbox 410 962 587 1095; x_wconf 55' lang='lat' dir='ltr'>rilsllorbltelnt</span> <span class='ocrx_word' id='word_1_44' title='bbox 599 1034 762 1111; x_wconf 70' lang='lat' dir='ltr'>sollemnia,</span> 
     </span>
    </p>

    <p class='ocr_par' dir='ltr' id='par_1_6' title="bbox 335 1117 742 1193">
     <span class='ocr_line' id='line_1_8' title="bbox 335 1117 742 1193; baseline -0.01 -16"><span class='ocrx_word' id='word_1_45' title='bbox 335 1119 405 1177; x_wconf 81' lang='lat' dir='ltr'>Sint</span> <span class='ocrx_word' id='word_1_46' title='bbox 418 1124 497 1189; x_wconf 80' lang='lat' dir='ltr'>vote,</span> <span class='ocrx_word' id='word_1_47' title='bbox 512 1117 575 1175; x_wconf 76' lang='lat' dir='ltr'>sint</span> <span class='ocrx_word' id='word_1_48' title='bbox 587 1117 742 1193; x_wconf 85' lang='lat' dir='ltr'>praeconic,</span> 
     </span>
    </p>

    <p class='ocr_par' dir='ltr' id='par_1_7' title="bbox 334 1197 790 1277">
     <span class='ocr_line' id='line_1_9' title="bbox 334 1197 790 1277; baseline 0 -19"><span class='ocrx_word' id='word_1_49' title='bbox 334 1199 404 1258; x_wconf 78' lang='lat' dir='ltr'>Sint</span> <span class='ocrx_word' id='word_1_50' title='bbox 416 1205 501 1277; x_wconf 82' lang='lat' dir='ltr'>grute</span> <span class='ocrx_word' id='word_1_51' title='bbox 514 1198 637 1256; x_wconf 81' lang='lat' dir='ltr'>laudum</span> <span class='ocrx_word' id='word_1_52' title='bbox 650 1197 790 1258; x_wconf 72' lang='lat' dir='ltr'>carmine.</span> 
     </span>
    </p>
   </div>
   <div class='ocr_carea' id='block_1_3' title="bbox 272 1339 770 1429">
    <p class='ocr_par' dir='ltr' id='par_1_8' title="bbox 272 1339 770 1429">
     <span class='ocr_line' id='line_1_10' title="bbox 272 1339 770 1429; baseline 0.002 -28"><span class='ocrx_word' id='word_1_53' title='bbox 272 1341 349 1403; x_wconf 77' lang='lat' dir='ltr'>Ilcm</span> <span class='ocrx_word' id='word_1_54' title='bbox 361 1343 398 1402; x_wconf 82' lang='lat' dir='ltr'>dc</span> <span class='ocrx_word' id='word_1_55' title='bbox 410 1342 561 1429; x_wconf 57' lang='lat' dir='ltr'>apostolic¹</span> <span class='ocrx_word' id='word_1_56' title='bbox 604 1339 770 1418; x_wconf 73' lang='lat' dir='ltr'><strong><em>Sequentia.</em></strong></span> 
     </span>
    </p>
   </div>
   <div class='ocr_carea' id='block_1_4' title="bbox 409 1440 1406 4514">
    <p class='ocr_par' dir='ltr' id='par_1_9' title="bbox 409 1440 1406 4514">
     <span class='ocr_line' id='line_1_11' title="bbox 413 1440 1131 1521; baseline 0.003 -21"><span class='ocrx_word' id='word_1_57' title='bbox 413 1440 454 1500; x_wconf 90' lang='lat' dir='ltr'>In</span> <span class='ocrx_word' id='word_1_58' title='bbox 466 1440 602 1500; x_wconf 82' lang='lat' dir='ltr'>sollemni</span> <span class='ocrx_word' id='word_1_59' title='bbox 614 1440 756 1499; x_wconf 83' lang='lat' dir='ltr'>memorie</span> <span class='ocrx_word' id='word_1_60' title='bbox 768 1440 968 1518; x_wconf 80' lang='lat' dir='ltr'>apostolorum</span> <span class='ocrx_word' id='word_1_61' title='bbox 980 1440 1131 1521; x_wconf 73' lang='lat' dir='ltr'>principie,</span> 
     </span>
     <span class='ocr_line' id='line_1_12' title="bbox 413 1521 1110 1599; baseline 0.004 -18"><span class='ocrx_word' id='word_1_62' title='bbox 413 1522 476 1581; x_wconf 86' lang='lat' dir='ltr'>Piae</span> <span class='ocrx_word' id='word_1_63' title='bbox 489 1521 587 1581; x_wconf 78' lang='lat' dir='ltr'>laudis</span> <span class='ocrx_word' id='word_1_64' title='bbox 600 1521 754 1580; x_wconf 76' lang='lat' dir='ltr'>harmonia</span> <span class='ocrx_word' id='word_1_65' title='bbox 763 1522 840 1581; x_wconf 82' lang='lat' dir='ltr'>laetie</span> <span class='ocrx_word' id='word_1_66' title='bbox 849 1528 967 1582; x_wconf 79' lang='lat' dir='ltr'>resonet</span> <span class='ocrx_word' id='word_1_67' title='bbox 979 1524 1110 1599; x_wconf 72' lang='lat' dir='ltr'>canticis,</span> 
     </span>
     <span class='ocr_line' id='line_1_13' title="bbox 409 1602 779 1679; baseline -0.003 -18"><span class='ocrx_word' id='word_1_68' title='bbox 409 1603 598 1662; x_wconf 77' lang='lat' dir='ltr'>Veneremur</span> <span class='ocrx_word' id='word_1_69' title='bbox 610 1602 699 1660; x_wconf 82' lang='lat' dir='ltr'>simul</span> <span class='ocrx_word' id='word_1_70' title='bbox 712 1602 779 1679; x_wconf 86' lang='lat' dir='ltr'>peri</span> 
     </span>
     <span class='ocr_line' id='line_1_14' title="bbox 411 1682 808 1762; baseline -0.005 -20"><span class='ocrx_word' id='word_1_71' title='bbox 411 1684 546 1762; x_wconf 78' lang='lat' dir='ltr'>Dignum</span> <span class='ocrx_word' id='word_1_72' title='bbox 562 1683 650 1741; x_wconf 76' lang='lat' dir='ltr'>laude</span> <span class='ocrx_word' id='word_1_73' title='bbox 663 1682 808 1755; x_wconf 79' lang='lat' dir='ltr'>venerari,</span> 
     </span>
     <span class='ocr_line' id='line_1_15' title="bbox 452 1764 790 1842; baseline 0.003 -19"><span class='ocrx_word' id='word_1_74' title='bbox 452 1764 633 1842; x_wconf 77' lang='lat' dir='ltr'><strong>Apostolum</strong></span> <span class='ocrx_word' id='word_1_75' title='bbox 646 1764 790 1842; x_wconf 88' lang='lat' dir='ltr'>gentium.</span> 
     </span>
     <span class='ocr_line' id='line_1_16' title="bbox 411 1843 851 1923; baseline -0.005 -18"><span class='ocrx_word' id='word_1_76' title='bbox 411 1846 458 1905; x_wconf 91' lang='lat' dir='ltr'>Ut</span> <span class='ocrx_word' id='word_1_77' title='bbox 473 1864 547 1923; x_wconf 83' lang='lat' dir='ltr'>quos</span> <span class='ocrx_word' id='word_1_78' title='bbox 560 1864 643 1902; x_wconf 81' lang='lat' dir='ltr'>emor</span> <span class='ocrx_word' id='word_1_79' title='bbox 655 1845 720 1903; x_wconf 80' lang='lat' dir='ltr'>vitu</span> <span class='ocrx_word' id='word_1_80' title='bbox 735 1843 851 1922; x_wconf 86' lang='lat' dir='ltr'>junxit,</span> 
     </span>
     <span class='ocr_line' id='line_1_17' title="bbox 411 1925 898 2004; baseline 0 -19"><span class='ocrx_word' id='word_1_81' title='bbox 411 1926 477 1985; x_wconf 87' lang='lat' dir='ltr'>Nec</span> <span class='ocrx_word' id='word_1_82' title='bbox 490 1945 570 1984; x_wconf 88' lang='lat' dir='ltr'>mors</span> <span class='ocrx_word' id='word_1_83' title='bbox 583 1926 648 2003; x_wconf 81' lang='lat' dir='ltr'>ipsu</span> <span class='ocrx_word' id='word_1_84' title='bbox 660 1932 727 2002; x_wconf 81' lang='lat' dir='ltr'>post</span> <span class='ocrx_word' id='word_1_85' title='bbox 741 1925 898 2004; x_wconf 78' lang='lat' dir='ltr'>disjunxit,</span> 
     </span>
     <span class='ocr_line' id='line_1_18' title="bbox 449 2006 811 2084; baseline 0 -18"><span class='ocrx_word' id='word_1_86' title='bbox 449 2006 472 2066; x_wconf 88' lang='lat' dir='ltr'><strong>J</strong></span> <span class='ocrx_word' id='word_1_87' title='bbox 472 2012 566 2083; x_wconf 82' lang='lat' dir='ltr'>ungut</span> <span class='ocrx_word' id='word_1_88' title='bbox 579 2012 610 2065; x_wconf 92' lang='lat' dir='ltr'>et</span> <span class='ocrx_word' id='word_1_89' title='bbox 622 2006 811 2084; x_wconf 72' lang='lat' dir='ltr'>praeconium.</span> 
     </span>
     <span class='ocr_line' id='line_1_19' title="bbox 410 2087 1406 2169; baseline 0.007 -24"><span class='ocrx_word' id='word_1_90' title='bbox 410 2087 531 2146; x_wconf 87' lang='lat' dir='ltr'>Horum</span> <span class='ocrx_word' id='word_1_91' title='bbox 544 2087 608 2146; x_wconf 83' lang='lat' dir='ltr'>laus</span> <span class='ocrx_word' id='word_1_92' title='bbox 621 2094 674 2160; x_wconf 82' lang='lat' dir='ltr'>eet,</span> <span class='ocrx_word' id='word_1_93' title='bbox 690 2088 770 2165; x_wconf 87' lang='lat' dir='ltr'>quod</span> <span class='ocrx_word' id='word_1_94' title='bbox 786 2088 937 2147; x_wconf 77' lang='lat' dir='ltr'>destructe</span> <span class='ocrx_word' id='word_1_95' title='bbox 949 2087 1093 2149; x_wconf 71' lang='lat' dir='ltr'>Romnum</span> <span class='ocrx_word' id='word_1_96' title='bbox 1109 2090 1254 2169; x_wconf 71' lang='lat' dir='ltr'>potentin</span> <span class='ocrx_word' id='word_1_97' title='bbox 1266 2090 1406 2165; x_wconf 72' lang='lat' dir='ltr'>idclutrin,</span> 
     </span>
     <span class='ocr_line' id='line_1_20' title="bbox 409 2169 1346 2251; baseline 0.007 -23"><span class='ocrx_word' id='word_1_98' title='bbox 409 2169 431 2228; x_wconf 85' lang='lat' dir='ltr'><strong>J</strong></span> <span class='ocrx_word' id='word_1_99' title='bbox 431 2189 480 2228; x_wconf 80' lang='lat' dir='ltr'>em</span> <span class='ocrx_word' id='word_1_100' title='bbox 492 2169 619 2227; x_wconf 78' lang='lat' dir='ltr'>fundate</span> <span class='ocrx_word' id='word_1_101' title='bbox 631 2175 662 2227; x_wconf 88' lang='lat' dir='ltr'>et</span> <span class='ocrx_word' id='word_1_102' title='bbox 676 2169 794 2228; x_wconf 81' lang='lat' dir='ltr'>firmata</span> <span class='ocrx_word' id='word_1_103' title='bbox 806 2169 917 2227; x_wconf 87' lang='lat' dir='ltr'>ibidem</span> <span class='ocrx_word' id='word_1_104' title='bbox 931 2170 1032 2230; x_wconf 91' lang='lat' dir='ltr'>orbem</span> <span class='ocrx_word' id='word_1_105' title='bbox 1044 2172 1192 2251; x_wconf 73' lang='lat' dir='ltr'>gubernat</span> <span class='ocrx_word' id='word_1_106' title='bbox 1206 2172 1346 2235; x_wconf 60' lang='lat' dir='ltr'>Eoum</span> 
     </span>
     <span class='ocr_line' id='line_1_21' title="bbox 534 2249 954 2325; baseline 0.002 -17"><span class='ocrx_word' id='word_1_107' title='bbox 534 2249 609 2308; x_wconf 85' lang='lat' dir='ltr'>Fide</span> <span class='ocrx_word' id='word_1_108' title='bbox 619 2249 704 2308; x_wconf 82' lang='lat' dir='ltr'>Petri</span> <span class='ocrx_word' id='word_1_109' title='bbox 716 2250 954 2325; x_wconf 80' lang='lat' dir='ltr'>fundamentum,</span> 
     </span>
     <span class='ocr_line' id='line_1_22' title="bbox 533 2330 951 2391; baseline 0.002 -2"><span class='ocrx_word' id='word_1_110' title='bbox 533 2330 621 2389; x_wconf 84' lang='lat' dir='ltr'>Pauli</span> <span class='ocrx_word' id='word_1_111' title='bbox 634 2336 718 2390; x_wconf 84' lang='lat' dir='ltr'>tenet</span> <span class='ocrx_word' id='word_1_112' title='bbox 730 2332 951 2391; x_wconf 77' lang='lat' dir='ltr'>firmamentum</span> 
     </span>
     <span class='ocr_line' id='line_1_23' title="bbox 573 2411 864 2490; baseline 0.01 -20"><span class='ocrx_word' id='word_1_113' title='bbox 573 2411 722 2490; x_wconf 85' lang='lat' dir='ltr'>Dogmate</span> <span class='ocrx_word' id='word_1_114' title='bbox 736 2413 864 2473; x_wconf 81' lang='lat' dir='ltr'>ecclesie.</span> 
     </span>
     <span class='ocr_line' id='line_1_24' title="bbox 533 2493 875 2571; baseline 0 -19"><span class='ocrx_word' id='word_1_115' title='bbox 533 2493 633 2552; x_wconf 72' lang='lat' dir='ltr'>Clanis</span> <span class='ocrx_word' id='word_1_116' title='bbox 647 2493 717 2552; x_wconf 91' lang='lat' dir='ltr'>huic</span> <span class='ocrx_word' id='word_1_117' title='bbox 730 2493 875 2571; x_wconf 73' lang='lat' dir='ltr'>potentin,</span> 
     </span>
     <span class='ocr_line' id='line_1_25' title="bbox 532 2573 878 2648; baseline -0.003 -15"><span class='ocrx_word' id='word_1_118' title='bbox 532 2573 585 2633; x_wconf 93' lang='lat' dir='ltr'>Illi</span> <span class='ocrx_word' id='word_1_119' title='bbox 598 2575 685 2633; x_wconf 77' lang='lat' dir='ltr'>cessit</span> <span class='ocrx_word' id='word_1_120' title='bbox 698 2574 831 2648; x_wconf 82' lang='lat' dir='ltr'>scientia,</span> <span class='ocrx_word' id='word_1_121' title='bbox 874 2594 878 2601; x_wconf 91' lang='lat'>·</span> 
     </span>
     <span class='ocr_line' id='line_1_26' title="bbox 571 2654 852 2714; baseline 0 0"><span class='ocrx_word' id='word_1_122' title='bbox 571 2654 594 2714; x_wconf 88' lang='lat' dir='ltr'><strong>J</strong></span> <span class='ocrx_word' id='word_1_123' title='bbox 594 2661 684 2713; x_wconf 85' lang='lat' dir='ltr'>uncta</span> <span class='ocrx_word' id='word_1_124' title='bbox 698 2655 734 2714; x_wconf 76' lang='lat' dir='ltr'>ud</span> <span class='ocrx_word' id='word_1_125' title='bbox 751 2656 852 2714; x_wconf 70' lang='lat' dir='ltr'>officie</span> 
     </span>
     <span class='ocr_line' id='line_1_27' title="bbox 531 2735 966 2814; baseline 0.007 -20"><span class='ocrx_word' id='word_1_126' title='bbox 531 2735 623 2794; x_wconf 90' lang='lat' dir='ltr'>Petro</span> <span class='ocrx_word' id='word_1_127' title='bbox 636 2754 765 2813; x_wconf 81' lang='lat' dir='ltr'>namque</span> <span class='ocrx_word' id='word_1_128' title='bbox 779 2736 835 2795; x_wconf 83' lang='lat' dir='ltr'>sub</span> <span class='ocrx_word' id='word_1_129' title='bbox 848 2742 966 2814; x_wconf 72' lang='lat' dir='ltr'>pestere</span> 
     </span>
     <span class='ocr_line' id='line_1_28' title="bbox 532 2816 884 2876; baseline 0.006 -2"><span class='ocrx_word' id='word_1_130' title='bbox 532 2816 710 2875; x_wconf 79' lang='lat' dir='ltr'>Gratulatur</span> <span class='ocrx_word' id='word_1_131' title='bbox 725 2823 756 2875; x_wconf 89' lang='lat' dir='ltr'>et</span> <span class='ocrx_word' id='word_1_132' title='bbox 769 2823 884 2876; x_wconf 88' lang='lat' dir='ltr'>rectore</span> 
     </span>
     <span class='ocr_line' id='line_1_29' title="bbox 571 2898 905 2957; baseline 0.006 -2"><span class='ocrx_word' id='word_1_133' title='bbox 571 2898 658 2955; x_wconf 87' lang='lat' dir='ltr'>Inter</span> <span class='ocrx_word' id='word_1_134' title='bbox 669 2898 779 2957; x_wconf 77' lang='lat' dir='ltr'>flnctus</span> <span class='ocrx_word' id='word_1_135' title='bbox 797 2898 905 2957; x_wconf 82' lang='lat' dir='ltr'>eaeculi.</span> 
     </span>
     <span class='ocr_line' id='line_1_30' title="bbox 530 2976 922 3056; baseline 0.005 -21"><span class='ocrx_word' id='word_1_136' title='bbox 530 2976 617 3036; x_wconf 73' lang='lat' dir='ltr'>Pauli</span> <span class='ocrx_word' id='word_1_137' title='bbox 632 2979 713 3056; x_wconf 85' lang='lat' dir='ltr'>viget</span> <span class='ocrx_word' id='word_1_138' title='bbox 727 2998 765 3036; x_wconf 88' lang='lat' dir='ltr'>ex</span> <span class='ocrx_word' id='word_1_139' title='bbox 778 2978 922 3051; x_wconf 74' lang='lat' dir='ltr'>doctriua,</span> 
     </span>
     <span class='ocr_line' id='line_1_31' title="bbox 529 3058 912 3138; baseline 0.005 -22"><span class='ocrx_word' id='word_1_140' title='bbox 529 3058 611 3117; x_wconf 85' lang='lat' dir='ltr'>Vitae</span> <span class='ocrx_word' id='word_1_141' title='bbox 625 3067 745 3138; x_wconf 75' lang='lat' dir='ltr'>sumpta</span> <span class='ocrx_word' id='word_1_142' title='bbox 758 3060 912 3135; x_wconf 80' lang='lat' dir='ltr'>medicine,</span> 
     </span>
     <span class='ocr_line' id='line_1_32' title="bbox 570 3140 885 3219; baseline 0.003 -20"><span class='ocrx_word' id='word_1_143' title='bbox 570 3140 653 3199; x_wconf 84' lang='lat' dir='ltr'>Grex</span> <span class='ocrx_word' id='word_1_144' title='bbox 666 3141 761 3198; x_wconf 81' lang='lat' dir='ltr'>fidelis</span> <span class='ocrx_word' id='word_1_145' title='bbox 774 3141 885 3219; x_wconf 85' lang='lat' dir='ltr'>populi.</span> 
     </span>
     <span class='ocr_line' id='line_1_33' title="bbox 529 3221 863 3296; baseline 0.012 -19"><span class='ocrx_word' id='word_1_146' title='bbox 529 3221 593 3278; x_wconf 80' lang='lat' dir='ltr'>Iste</span> <span class='ocrx_word' id='word_1_147' title='bbox 602 3222 694 3280; x_wconf 88' lang='lat' dir='ltr'>verbo</span> <span class='ocrx_word' id='word_1_148' title='bbox 707 3222 863 3296; x_wconf 77' lang='lat' dir='ltr'>instruxit,</span> 
     </span>
     <span class='ocr_line' id='line_1_34' title="bbox 529 3301 839 3380; baseline 0.006 -21"><span class='ocrx_word' id='word_1_149' title='bbox 529 3301 588 3359; x_wconf 90' lang='lat' dir='ltr'>Ille</span> <span class='ocrx_word' id='word_1_150' title='bbox 602 3302 706 3359; x_wconf 85' lang='lat' dir='ltr'>caelum</span> <span class='ocrx_word' id='word_1_151' title='bbox 720 3303 839 3380; x_wconf 87' lang='lat' dir='ltr'>aperuit</span> 
     </span>
     <span class='ocr_line' id='line_1_35' title="bbox 568 3382 905 3445; baseline 0.015 -6"><span class='ocrx_word' id='word_1_152' title='bbox 568 3382 672 3440; x_wconf 88' lang='lat' dir='ltr'>Verbo</span> <span class='ocrx_word' id='word_1_153' title='bbox 685 3384 756 3441; x_wconf 82' lang='lat' dir='ltr'>vitae</span> <span class='ocrx_word' id='word_1_154' title='bbox 770 3382 905 3445; x_wconf 78' lang='lat' dir='ltr'>credulis.</span> 
     </span>
     <span class='ocr_line' id='line_1_36' title="bbox 529 3464 922 3541; baseline 0.005 -20"><span class='ocrx_word' id='word_1_155' title='bbox 529 3464 570 3521; x_wconf 86' lang='lat' dir='ltr'>Et</span> <span class='ocrx_word' id='word_1_156' title='bbox 587 3465 666 3541; x_wconf 88' lang='lat' dir='ltr'>quod</span> <span class='ocrx_word' id='word_1_157' title='bbox 679 3484 758 3522; x_wconf 83' lang='lat' dir='ltr'>unus</span> <span class='ocrx_word' id='word_1_158' title='bbox 771 3465 922 3541; x_wconf 75' lang='lat' dir='ltr'>praedicet,</span> 
     </span>
     <span class='ocr_line' id='line_1_37' title="bbox 527 3544 918 3623; baseline 0.008 -22"><span class='ocrx_word' id='word_1_159' title='bbox 527 3544 616 3602; x_wconf 85' lang='lat' dir='ltr'>Alter</span> <span class='ocrx_word' id='word_1_160' title='bbox 629 3565 732 3603; x_wconf 87' lang='lat' dir='ltr'>verum</span> <span class='ocrx_word' id='word_1_161' title='bbox 746 3546 918 3623; x_wconf 76' lang='lat' dir='ltr'>comprobet</span> 
     </span>
     <span class='ocr_line' id='line_1_38' title="bbox 568 3625 925 3685; baseline 0.006 -2"><span class='ocrx_word' id='word_1_162' title='bbox 568 3625 687 3684; x_wconf 75' lang='lat' dir='ltr'>Crebris</span> <span class='ocrx_word' id='word_1_163' title='bbox 699 3626 755 3685; x_wconf 92' lang='lat' dir='ltr'>hcc</span> <span class='ocrx_word' id='word_1_164' title='bbox 768 3626 925 3685; x_wconf 74' lang='lat' dir='ltr'>miraculis.</span> 
     </span>
     <span class='ocr_line' id='line_1_39' title="bbox 528 3705 917 3787; baseline 0.01 -24"><span class='ocrx_word' id='word_1_165' title='bbox 528 3705 590 3765; x_wconf 92' lang='lat' dir='ltr'>Hic</span> <span class='ocrx_word' id='word_1_166' title='bbox 603 3706 626 3765; x_wconf 82' lang='lat' dir='ltr'><strong>J</strong></span> <span class='ocrx_word' id='word_1_167' title='bbox 626 3707 735 3778; x_wconf 82' lang='lat' dir='ltr'>udoeos‚</span> <span class='ocrx_word' id='word_1_168' title='bbox 749 3707 801 3765; x_wconf 91' lang='lat' dir='ltr'>ille</span> <span class='ocrx_word' id='word_1_169' title='bbox 813 3714 917 3787; x_wconf 75' lang='lat' dir='ltr'>genten</span> 
     </span>
     <span class='ocr_line' id='line_1_40' title="bbox 526 3786 888 3862; baseline 0.014 -19"><span class='ocrx_word' id='word_1_170' title='bbox 526 3786 618 3844; x_wconf 77' lang='lat' dir='ltr'>Viam</span> <span class='ocrx_word' id='word_1_171' title='bbox 631 3788 702 3845; x_wconf 84' lang='lat' dir='ltr'>vitae</span> <span class='ocrx_word' id='word_1_172' title='bbox 716 3789 888 3862; x_wconf 81' lang='lat' dir='ltr'>nescientes,</span> 
     </span>
     <span class='ocr_line' id='line_1_41' title="bbox 567 3868 929 3929; baseline 0.006 -2"><span class='ocrx_word' id='word_1_173' title='bbox 567 3868 618 3927; x_wconf 88' lang='lat' dir='ltr'>Ad</span> <span class='ocrx_word' id='word_1_174' title='bbox 633 3869 759 3926; x_wconf 83' lang='lat' dir='ltr'>salutem</span> <span class='ocrx_word' id='word_1_175' title='bbox 778 3875 929 3929; x_wconf 77' lang='lat' dir='ltr'>convocat.</span> 
     </span>
     <span class='ocr_line' id='line_1_42' title="bbox 525 3948 964 4027; baseline 0.009 -21"><span class='ocrx_word' id='word_1_176' title='bbox 525 3949 627 4006; x_wconf 86' lang='lat' dir='ltr'>Ambo</span> <span class='ocrx_word' id='word_1_177' title='bbox 640 3955 773 4027; x_wconf 82' lang='lat' dir='ltr'>praeeunt</span> <span class='ocrx_word' id='word_1_178' title='bbox 787 3948 964 4023; x_wconf 69' lang='lat' dir='ltr'>convocatis,</span> 
     </span>
     <span class='ocr_line' id='line_1_43' title="bbox 526 4030 909 4090; baseline 0.008 -3"><span class='ocrx_word' id='word_1_179' title='bbox 526 4030 627 4087; x_wconf 88' lang='lat' dir='ltr'>Ambe</span> <span class='ocrx_word' id='word_1_180' title='bbox 641 4036 757 4089; x_wconf 83' lang='lat' dir='ltr'>certant</span> <span class='ocrx_word' id='word_1_181' title='bbox 770 4031 909 4090; x_wconf 75' lang='lat' dir='ltr'>desolatis</span> 
     </span>
     <span class='ocr_line' id='line_1_44' title="bbox 568 4109 906 4188; baseline 0.009 -20"><span class='ocrx_word' id='word_1_182' title='bbox 568 4109 674 4169; x_wconf 77' lang='lat' dir='ltr'>Hortis</span> <span class='ocrx_word' id='word_1_183' title='bbox 687 4131 725 4169; x_wconf 88' lang='lat' dir='ltr'>ne</span> <span class='ocrx_word' id='word_1_184' title='bbox 738 4113 906 4188; x_wconf 80' lang='lat' dir='ltr'>praevnleet.</span> 
     </span>
     <span class='ocr_line' id='line_1_45' title="bbox 526 4191 928 4271; baseline 0.007 -21"><span class='ocrx_word' id='word_1_185' title='bbox 526 4191 638 4250; x_wconf 81' lang='lat' dir='ltr'>Contra</span> <span class='ocrx_word' id='word_1_186' title='bbox 651 4213 772 4251; x_wconf 83' lang='lat' dir='ltr'>summae</span> <span class='ocrx_word' id='word_1_187' title='bbox 786 4193 928 4271; x_wconf 82' lang='lat' dir='ltr'>potentine</span> 
     </span>
     <span class='ocr_line' id='line_1_46' title="bbox 526 4273 910 4352; baseline 0.008 -22"><span class='ocrx_word' id='word_1_188' title='bbox 526 4273 718 4350; x_wconf 78' lang='lat' dir='ltr'>Consurgunt</span> <span class='ocrx_word' id='word_1_189' title='bbox 731 4273 910 4352; x_wconf 83' lang='lat' dir='ltr'>imperium3</span> 
     </span>
     <span class='ocr_line' id='line_1_47' title="bbox 526 4353 923 4428; baseline 0.005 -15"><span class='ocrx_word' id='word_1_190' title='bbox 526 4353 616 4413; x_wconf 79' lang='lat' dir='ltr'>Unus</span> <span class='ocrx_word' id='word_1_191' title='bbox 629 4355 733 4426; x_wconf 77' lang='lat' dir='ltr'>crucis,</span> <span class='ocrx_word' id='word_1_192' title='bbox 747 4356 823 4413; x_wconf 83' lang='lat' dir='ltr'>alter</span> <span class='ocrx_word' id='word_1_193' title='bbox 837 4355 923 4428; x_wconf 74' lang='lat' dir='ltr'>ensis,</span> 
     </span>
     <span class='ocr_line' id='line_1_48' title="bbox 565 4432 922 4514; baseline 0.008 -22"><span class='ocrx_word' id='word_1_194' title='bbox 565 4432 724 4512; x_wconf 73' lang='lat' dir='ltr'>Peqreeeus</span> <span class='ocrx_word' id='word_1_195' title='bbox 737 4436 922 4514; x_wconf 84' lang='lat' dir='ltr'>supplicium.</span> 
     </span>
    </p>
   </div>
   <div class='ocr_carea' id='block_1_5' title="bbox 0 0 1460 4904">
    <p class='ocr_par' dir='ltr' id='par_1_10' title="bbox 0 0 1460 4904">
     <span class='ocr_line' id='line_1_49' title="bbox 0 0 1460 4904; baseline 0 4"><span class='ocrx_word' id='word_1_196' title='bbox 0 0 1460 4904; x_wconf 95' lang='lat' dir='ltr'> </span> 
     </span>
    </p>
   </div>
  </div>
 </body>
</html>
