2910 4904
181 300 243 359 184
583 294 690 360 Missa
708 317 774 380 pro
796 295 980 383 Defunctia

245 459 470 600 Diiiiiiiusssu
491 542 617 614 Christe,
639 563 694 600 rex
717 542 827 620 gloriae,
849 543 943 602 libera
962 544 1078 603 animas
1097 543 1233 602 omnium
1253 542 1385 601 fidelium

184 623 391 681 ‹lefirnetorum
413 623 449 680 de
472 643 564 681 manu
584 623 697 681 inferni
717 631 748 682 et
768 623 805 681 de
822 624 969 701 profundo
986 625 1073 701 lacus
1094 625 1189 684 libera
1211 644 1262 683 eas
1280 624 1319 683 de
1337 642 1385 683 ors

185 704 286 776 leonis,
301 724 339 761 ne
353 705 508 761 absorbeat
521 724 570 762 eas
590 710 731 777 tartarus,
751 724 790 762 ne
800 706 908 763 cadant
920 706 953 762 in
967 706 1090 765 obscura
1103 707 1298 765 tenebrarum
1310 704 1385 763 loca:

183 786 234 843 sed
254 785 376 861 signifer
396 792 514 843 sanctus
535 785 667 843 Michael
686 792 878 863 repraesentet
890 807 939 845 eas
959 788 993 845 in
1015 789 1112 845 lucem
1132 793 1277 861 sanctam,
1300 806 1386 863 quam

185 867 257 924 olim
270 866 402 924 Abrahae
416 866 580 942 promisisti
593 872 625 923 et
638 867 744 924 semini
757 868 829 943 ejus.

245 962 385 1022 Sacerdos
398 965 439 1020 aa
452 963 546 1021 altare
559 963 692 1039 incipiat.

247 1044 371 1101 Hostias
385 1050 416 1102 et
429 1064 528 1120 preces
542 1044 608 1115 tibi,
623 1044 761 1115 Domine,
777 1045 934 1103 offerimus.

246 1134 372 1216 [Ultores
381 1134 600 1216 prosequatur]

246 1234 292 1291 Tu
312 1234 426 1311 suscipe
451 1253 504 1311 pro
529 1233 683 1290 animabus
708 1233 768 1291 illis
788 1254 915 1310 quarum
935 1234 1023 1292 hodie
1050 1236 1221 1293 memoriam
1251 1232 1387 1311 agimus:

186 1316 232 1372 fac
255 1335 314 1385 eas,
339 1315 476 1388 Domine,
502 1315 539 1372 de
563 1320 658 1372 morte
680 1315 807 1372 transire
828 1315 867 1372 ad
890 1315 991 1373 vitam.
1044 1316 1142 1385 Quam
1163 1315 1236 1373 olim
1261 1312 1389 1373 abraha

188 1396 357 1472 promisisti
1220 1456 1224 1465 ,

249 1492 416 1568 Nunquam
440 1502 577 1550 caretatar
599 1492 624 1550 Ο
649 1492 706 1569 pie,
721 1513 779 1567 pro
803 1512 918 1568 corpore
942 1493 1087 1568 prasenti,
1111 1493 1161 1551 sed
1188 1490 1391 1551 anniversario

189 1574 281 1632 obitas
302 1581 418 1632 tantam
432 1593 498 1631 cane
511 1573 650 1648 reqineine
663 1573 749 1630 eleari.

251 1655 276 1712 Ο
298 1655 345 1730 pie
366 1654 456 1726 Deae,
473 1655 525 1730 qui
544 1654 674 1730 primum
694 1654 845 1711 hominem
863 1653 901 1711 ad
920 1659 1063 1712 aeternam
1083 1654 1208 1731 gloriam
1228 1652 1392 1713 revocant:

190 1742 292 1812 pastor
311 1737 397 1808 bone,
411 1735 465 1811 qui
482 1755 568 1792 ovem
588 1734 735 1811 perditam
748 1735 798 1812 pio
818 1735 942 1792 humero
955 1735 993 1792 ad
1014 1736 1092 1794 ovile
1112 1736 1297 1813 reportasti:
1313 1734 1393 1812 juste

186 1816 290 1892 judex,
319 1816 389 1873 dum
418 1816 534 1872 veneris
562 1815 705 1892 judicare,
739 1815 832 1873 libera
859 1816 895 1873 dc
927 1823 1022 1874 morte
1049 1817 1163 1874 animas
1190 1836 1295 1875 eorum
1322 1834 1393 1893 quos

190 1896 351 2033 redpppisti,
370 1916 408 1953 ne
425 1897 525 1954 tradas
543 1897 646 1954 bestiis
664 1897 778 1954 animas
796 1898 970 1955 confitentes
990 1897 1064 1955 tibi:
1086 1917 1124 1955 ne
1142 1897 1333 1975 derelinquas
1347 1914 1393 1955 aas

192 1998 223 2034 1n
281 1997 335 2036 em.

252 2070 373 2127 Secreta.

253 2150 395 2221 Absolve,
418 2170 593 2226 quaesumus,
616 2150 755 2224 Domine,
775 2151 905 2209 animam
922 2152 1028 2209 famuli
1046 2152 1093 2209 tui
1110 2152 1148 2209 ab
1170 2151 1255 2209 omni
1277 2150 1393 2211 vinculo

193 2232 377 2303 delictorum,
400 2232 490 2288 utin
518 2233 741 2289 resurrectionis
767 2233 862 2309 gloria
883 2235 963 2292 inter
988 2240 1105 2291 sanctos
1131 2239 1163 2291 ct
1194 2234 1305 2293 electos
1329 2240 1393 2291 tuos

194 2313 383 2371 resuscitatus
397 2313 529 2389 respiret.
574 2313 633 2370 Per
646 2313 818 2371 Dominum.

216 2570 222 2581 ἱ
255 2405 456 2545 gigmaiiiiriia
476 2486 572 2545 luceat
589 2487 640 2560 eis,
655 2488 805 2546 Domine:
826 2507 894 2546 cum
914 2488 1024 2546 sanctis
1036 2489 1097 2546 tuis
1110 2488 1144 2546 in
1157 2495 1314 2563 aternum,
1329 2486 1395 2567 quic

194 2588 400 2788 &affluam
424 2655 564 2707 aeternam
588 2649 665 2707 dona
690 2650 740 2725 eis,
761 2649 910 2708 Domine:
940 2656 971 2708 et
990 2651 1044 2708 lux
1064 2657 1207 2729 perpetua
1227 2650 1328 2711 luceat
1346 2651 1393 2709 cia

221 2751 272 2788 um
293 2738 409 2788 sanctis.

255 2824 497 2883 Poatcornmanio.

256 2907 368 2963 Annue
378 2906 472 2976 nobis,
485 2905 622 2976 Domine,
635 2912 669 2963 ut
683 2906 782 2964 anima
795 2905 903 2963 famuli
913 2906 960 2963 tui
969 2907 1171 2965 remissionem
1182 2926 1274 2984 quam
1284 2926 1396 2985 semper

197 2987 321 3062 optavit,
336 2993 484 3044 mereatur
497 2987 647 3064 percipere
660 2992 854 3063 peccatorum.
898 2988 957 3045 Per
971 2988 1144 3046 Dominum.

257 3085 322 3142 Ista
336 3085 454 3158 epistola
468 3087 587 3143 dicatur
601 3096 717 3144 tantane
731 3087 765 3143 in
778 3085 825 3144 die
838 3085 1026 3145 Animarum.

258 3167 308 3223 Aa
329 3167 592 3225 Thessalonicenses
612 3166 629 3244 (
634 3169 646 3224 1
663 3168 699 3224 ia
719 3168 832 3245 13-18).

260 3247 398 3305 Fratres:
424 3248 572 3306 Nolumus
596 3268 650 3306 vos
673 3249 809 3324 ignorare
827 3248 864 3305 de
882 3248 1097 3306 dormientibus
1118 3268 1209 3323 asqae
1230 3247 1275 3307 ad
1293 3248 1398 3325 Itaque

200 3328 392 3386 consolamini
405 3329 532 3387 invicem
545 3330 578 3386 in
591 3331 691 3387 verbis
704 3330 777 3387 istis.
820 3328 860 3385 In
875 3329 994 3387 Christo
1007 3330 1028 3387 J
1030 3350 1082 3386 esu
1095 3328 1227 3387 Domino
1239 3336 1351 3389 nostro.

259 3425 301 3482 In
315 3435 437 3501 ternpore
452 3426 590 3484 Pascleaii
603 3427 713 3485 dicitnr
726 3428 784 3485 ista
798 3426 918 3502 epistola
930 3428 965 3484 ia
978 3426 1109 3486 obitibas.

261 3507 310 3563 Act
325 3506 492 3565 Corinthios
505 3508 539 3583 (1
560 3529 605 3565 aa
623 3509 740 3585 20-23)

261 3588 399 3646 Fratres:
439 3589 575 3646 Christus
608 3590 771 3646 resurrexit
798 3609 816 3645 a
843 3589 969 3646 mortuis
1003 3587 1143 3665 primitiae
1168 3588 1402 3659 dormientium

201 3670 342 3745 quoniam
364 3670 483 3745 quidem
504 3689 556 3746 per
577 3669 728 3727 hominem
745 3690 832 3742 mors,
853 3676 884 3727 et
901 3690 954 3746 per
967 3670 1117 3726 hominem
1137 3670 1317 3728 resurrectio
1329 3688 1404 3727 mor-

201 3759 330 3808 tuorum.
375 3751 416 3807 Et
429 3751 506 3808 sicut
524 3750 556 3806 in
571 3751 670 3807 Adam
690 3770 791 3808 omnes
809 3751 987 3821 moriuntur,
1001 3751 1046 3807 ita
1063 3756 1094 3808 et
1111 3750 1144 3807 in
1162 3750 1285 3808 Christo
1302 3768 1404 3809 omncs

201 3832 451 3889 vivificabuntur:
479 3833 681 3907 unusquisque
701 3839 803 3889 autem
826 3833 858 3889 in
879 3851 933 3889 suo
953 3831 1064 3905 ordine,
1086 3831 1146 3889 Per
1171 3830 1280 3889 Jcsum
1307 3830 1405 3891 Chris·

204 3920 268 3970 tuin
283 3913 447 3970 Dominum
461 3919 603 3971 nostrum.

261 4005 303 4064 In
316 4006 440 4064 obitibas
453 4005 580 4080 epistola.

262 4088 359 4145 Lectio
380 4087 449 4144 libri
462 4085 654 4162 Apoealypsis
667 4087 742 4144 beati
755 4085 905 4144 Joleannis
918 4086 1050 4162 Apostoli
1062 4084 1080 4162 (
1079 4085 1137 4143 0111.
1155 4085 1220 4162 13).

262 4170 301 4225 Ι11
315 4169 418 4225 diebus
432 4167 499 4238 illis,
516 4167 632 4223 Audivi
644 4187 745 4224 vocem
760 4167 796 4224 de
809 4168 889 4239 caelo,
906 4168 1053 4225 dicentem
1069 4166 1164 4239 mibi;
1189 4165 1301 4239 Scribe,
1316 4166 1405 4225 Beati

203 4250 322 4320 mortui,
349 4250 401 4326 qui
424 4250 458 4305 in
482 4248 611 4305 Domino
635 4247 812 4305 moriuntur.
865 4248 985 4306 Amodo
1007 4250 1080 4324 jam,
1105 4247 1179 4305 dicit
1203 4247 1346 4324 Spiritus,
1370 4254 1407 4307 ut

203 4333 387 4407 requiescant
400 4350 418 4387 a
432 4330 582 4387 laboribus
595 4329 674 4386 suis:
703 4349 791 4405 opera
804 4329 883 4386 enim
897 4330 1019 4386 illorum
1031 4334 1200 4405 sequuntur
1211 4328 1289 4389 illos.

262 4428 449 4503 Prosamalo
463 4427 635 4503 adfirmata
649 4427 760 4485 dicitnr
773 4426 824 4484 1100
837 4427 1025 4503 evanqeiiane.
