2910 4904
146 1060 568 1159 COMMUNE
639 1060 1160 1159 SANOTORUM.

476 1363 814 1372 .——-—-——-—...-.

476 1379 815 1387 Μ

413 1590 452 1647 In
472 1590 603 1648 Vrcmm
622 1607 715 1650 umus
735 1591 896 1649 Anosrom.

118 1721 261 1798 Officium.

118 1802 181 1879 Ego
205 1808 305 1860 autem
329 1801 405 1860 sicut
430 1801 507 1859 oliva
531 1801 708 1858 fructificavi
734 1802 767 1857 in
794 1801 880 1858 domo
907 1799 1049 1858 Domini:
1081 1800 1196 1877 speravi
1219 1799 1252 1858 in

52 1884 256 1942 misericordia
277 1883 334 1940 Dei
354 1882 421 1952 mei,
437 1887 467 1939 et
487 1883 660 1957 exspectabo
680 1902 789 1940 nomeu
807 1888 902 1956 tuum,
914 1882 1054 1958 quoniam
1077 1882 1188 1939 bonum
1208 1887 1253 1940 est

53 1972 127 2024 ante
140 1971 329 2040 conspectum
342 1969 510 2021 sanctorum
523 1969 650 2021 tuorum.

117 2058 264 2116 Peolmua

117 2140 198 2210 Quid
211 2138 345 2216 gloriaris
358 2138 391 2194 in
404 2137 536 2195 malitia:
557 2137 610 2214 qui
623 2143 727 2214 potens
741 2157 771 2194 cs
784 2137 817 2194 in
830 2138 1011 2213 iniquitatel

118 2232 228 2292 Oratio.

117 2313 251 2372 Concede
266 2313 358 2385 nobis,
375 2332 550 2388 quaesumuS,
563 2313 747 2388 omnipotens
762 2312 852 2383 Deus,
865 2318 1021 2370 venturam
1034 2311 1115 2368 beati
1128 2308 1253 2387 apostoli

55 2394 103 2452 tui
125 2395 164 2451 N.
191 2394 418 2452 sollemnitatem
442 2413 569 2469 congruo
594 2393 755 2468 praevenire
778 2393 889 2450 honore
912 2398 943 2450 et
964 2393 1133 2450 venientem
1163 2391 1252 2468 digna

55 2476 202 2534 celebrare
216 2473 395 2532 devotione·
423 2474 481 2531 Per
495 2473 666 2531 Dominum.

115 2569 213 2626 Lectio
223 2568 291 2626 libri
304 2568 461 2644 Sapientiae
474 2566 577 2644 (Pron.
594 2568 637 2627 iii.
657 2567 770 2645 13-20).

114 2651 228 2707 Beatus
241 2649 328 2706 homo
349 2649 401 2724 qui
420 2648 537 2705 invenit
556 2648 739 2724 sapientiam,
756 2653 786 2706 et
804 2648 856 2723 qui
878 2647 973 2705 affluit
991 2646 1148 2724 prudentia
1161 2664 1251 2722 usque

50 2730 96 2789 od
108 2730 262 2806 Sapientia
274 2730 355 2786 illius
370 2734 531 2805 eruperunt
544 2730 660 2878 abyssi:
681 2737 712 2787 et
726 2731 818 2786 nubes
832 2748 898 2786 rore
911 2733 1107 2786 concrescunt.

114 2823 212 2880 Lectio
226 2823 293 2880 libri
306 2822 463 2897 Septen
476 2821 563 2899 (Boc
563 2843 604 2880 us
621 2823 686 2880 cliv.
704 2823 752 2893 26,
768 2822 825 2894 273
845 2823 965 2879 1229
966 2822 991 2900 )

113 2903 288 2961 Benedictio
310 2903 433 2960 Domini
457 2922 544 2978 super
563 2911 683 2979 caput]
677 2905 755 2960 usti.
798 2903 870 2961 Ideo
891 2903 972 2962 dedit
985 2903 1032 2960 illi
1044 2902 1246 2974 hereditatem,

54 2991 84 3042 et
98 2985 204 3042 divisit
223 2984 269 3040 illi
289 2985 431 3060 partem
422 3003 454 3040 ιιι
476 2984 611 3041 tribubus
632 2984 802 3042 duodecim·
795 3028 803 3055 ,
824 2991 854 3041 et
867 2984 983 3042 invenit
996 2984 1122 3059 gratiam
1139 2984 1171 3040 in
1185 3002 1250 3040 con-

55 3072 158 3142 spectu
173 3066 267 3122 omnis
281 3065 383 3122 carnia.
427 3064 469 3120 Et
482 3065 682 3141 magnificavit
696 3085 764 3122 eum
783 3065 816 3121 in
836 3065 943 3122 timore
962 3065 1158 3136 inimicorum,
1174 3064 1251 3121 etin

55 3146 154 3204 verbis
167 3145 229 3202 suis
242 3152 373 3202 monstra
393 3145 529 3221 placavit.
573 3145 758 3202 Glorificavit
778 3165 844 3202 eum
865 3146 898 3201 in
917 3151 1073 3222 conspectu
1092 3164 1203 3221 regum,
1219 3149 1250 3201 et

55 3226 186 3284 ostendit
209 3226 255 3282 illi
277 3226 400 3302 gloriam
424 3245 514 3283 suam.
568 3226 606 3282 Ιιι
627 3226 684 3283 fide
710 3231 741 3283 et
763 3226 886 3283 lenitate
910 3226 1002 3303 ipsius
1025 3231 1159 3283 sanctum
1180 3225 1250 3282 fecit

55 3307 152 3377 illum,
166 3311 197 3363 et
211 3307 299 3384 elegit
319 3326 386 3364 eum
407 3325 444 3363 ex
465 3306 546 3363 omni
566 3326 659 3363 carne.
703 3307 744 3364 Et
766 3307 847 3364 dedit
869 3306 915 3363 illi
934 3327 983 3364 cor
1003 3307 1040 3364 ad
1060 3311 1206 3382 praecepta
1219 3309 1250 3362 et

55 3387 149 3464 legem
175 3387 245 3444 vitae
269 3392 299 3444 et
322 3387 492 3463 disciplinae,
518 3393 548 3444 et
570 3387 716 3444 excelsum
740 3388 810 3444 fecit
833 3387 926 3444 illum.
973 3387 1086 3445 Statuit
1110 3387 1138 3443 ci
1161 3392 1250 3443 testa·

55 3476 191 3526 mentum
211 3472 362 3538 aeternum,
377 3473 407 3524 ct
427 3468 634 3525 circumcinxit
654 3488 723 3525 eum
745 3488 817 3525 zona
836 3468 970 3544 justitiae.
1013 3467 1054 3524 Et
1067 3466 1167 3525 induit
1180 3486 1248 3524 eum

56 3548 205 3606 Dominus
218 3567 324 3606 corona
336 3548 442 3626 gloriae.

114 3641 281 3780 ‹illisitirbkiit
304 3721 401 3798 palma
423 3721 557 3801 florebit:
587 3721 664 3778 sicut
688 3721 791 3779 cedrus
815 3721 922 3777 Libani
945 3719 1193 3796 multiplicabitur
1215 3718 1248 3775 in

55 3802 143 3860 domo
157 3803 286 3859 Domini.

61 3882 91 3941 1⁷.
112 3883 164 3940 Ad
184 3880 423 3940 annuntiandum
444 3903 530 3941 mane
553 3883 783 3941 misericordiam
809 3888 911 3938 tuam:
937 3887 968 3938 et
988 3882 1143 3940 veritatem
1163 3887 1248 3938 tuam

57 3971 246 4039 pernoctem.

112 4055 149 4114 Si
159 4055 316 4114 Dominico
330 4057 458 4128 evenerit,
474 4057 621 4132 Alleluya.
670 4057 699 4113 V.
722 4057 829 4114 Justus
842 4075 903 4113 non
916 4054 1157 4113 conturbabitur:
1178 4051 1248 4129 quia

53 4137 204 4255 Dominus
216 4138 317 4195 firmat
330 4155 450 4196 manum
466 4139 535 4214 ejus

53 4231 282 4290 Secundum
295 4230 461 4289 Jolrccnem
474 4230 534 4308 (co.
553 4231 601 4287 17-
602 4230 666 4306 25).

112 4312 152 4371 In
171 4312 224 4370 illo
232 4318 386 4388 tempore,
407 4313 496 4370 Dixit
516 4313 539 4369 J
540 4331 605 4368 esus
623 4310 772 4386 discipulis
793 4310 871 4382 suis3
892 4309 967 4366 Haec
985 4307 1091 4366 mando
1105 4307 1197 4379 vobis,
1212 4310 1248 4363 ut

51 4391 205 4473 diligatis
195 4393 328 4452 invicem
341 4412 431 4468 usque
445 4395 485 4451 od
499 4393 569 4470 quia
583 4391 649 4449 odio
662 4391 831 4449 habuerunt
844 4410 923 4447 meo
904 4389 1002 4466 gratis.

739 4562 753 4593 Ο
