<?xml version="1.0" encoding="UTF-8"?>
<!DOCTYPE html PUBLIC "-//W3C//DTD XHTML 1.0 Transitional//EN"
    "http://www.w3.org/TR/xhtml1/DTD/xhtml1-transitional.dtd">
<html xmlns="http://www.w3.org/1999/xhtml" xml:lang="en" lang="en">
 <head>
  <title>
</title>
<meta http-equiv="Content-Type" content="text/html;charset=utf-8" />
  <meta name='ocr-system' content='tesseract 3.04.00' />
  <meta name='ocr-capabilities' content='ocr_page ocr_carea ocr_par ocr_line ocrx_word'/>
</head>
<body>
  <div class='ocr_page' id='page_1' title='image "./missaleadusumin01churgoog_0140.png"; bbox 0 0 2910 4904; ppageno 0'>
   <div class='ocr_carea' id='block_1_1' title="bbox 588 301 858 369">
    <p class='ocr_par' dir='ltr' id='par_1_1' title="bbox 588 301 858 369">
     <span class='ocr_line' id='line_1_1' title="bbox 588 301 858 369; baseline 0.007 -3"><span class='ocrx_word' id='word_1_1' title='bbox 588 301 685 369; x_wconf 79' lang='lat' dir='ltr'><strong>Festa</strong></span> <span class='ocrx_word' id='word_1_2' title='bbox 708 303 858 369; x_wconf 72' lang='lat' dir='ltr'><strong><em>Octobris.</em></strong></span> 
     </span>
    </p>
   </div>
   <div class='ocr_carea' id='block_1_2' title="bbox 238 535 1213 615">
    <p class='ocr_par' dir='ltr' id='par_1_2' title="bbox 238 535 1213 615">
     <span class='ocr_line' id='line_1_2' title="bbox 238 535 1213 615; baseline 0.002 -22"><span class='ocrx_word' id='word_1_3' title='bbox 238 537 349 594; x_wconf 70' lang='lat' dir='ltr'><strong>Sanam</strong></span> <span class='ocrx_word' id='word_1_4' title='bbox 371 535 502 605; x_wconf 78' lang='lat' dir='ltr'><strong>Tuoun,</strong></span> <span class='ocrx_word' id='word_1_5' title='bbox 525 535 766 593; x_wconf 77' lang='lat' dir='ltr'><strong>Hanaoanausm</strong></span> <span class='ocrx_word' id='word_1_6' title='bbox 786 551 929 592; x_wconf 76' lang='lat' dir='ltr'><strong>aneson.</strong></span> <span class='ocrx_word' id='word_1_7' title='bbox 973 535 1023 614; x_wconf 85' lang='lat' dir='ltr'><strong>(vi.</strong></span> <span class='ocrx_word' id='word_1_8' title='bbox 1040 536 1110 593; x_wconf 88' lang='lat' dir='ltr'><strong>Non</strong></span> <span class='ocrx_word' id='word_1_9' title='bbox 1135 538 1213 615; x_wconf 88' lang='lat' dir='ltr'><strong>Oct.)</strong></span> 
     </span>
    </p>
   </div>
   <div class='ocr_carea' id='block_1_3' title="bbox 185 673 1323 1461">
    <p class='ocr_par' dir='ltr' id='par_1_3' title="bbox 188 673 536 748">
     <span class='ocr_line' id='line_1_3' title="bbox 188 673 536 748; baseline -0.009 -16"><span class='ocrx_word' id='word_1_10' title='bbox 188 674 332 748; x_wconf 82' lang='lat' dir='ltr'><strong>Officium.</strong></span> <span class='ocrx_word' id='word_1_11' title='bbox 375 673 487 731; x_wconf 75' lang='lat' dir='ltr'><strong>Statuit</strong></span> <span class='ocrx_word' id='word_1_12' title='bbox 501 673 536 731; x_wconf 84' lang='lat' dir='ltr'><strong>ei.</strong></span> 
     </span>
    </p>

    <p class='ocr_par' dir='ltr' id='par_1_4' title="bbox 188 754 590 831">
     <span class='ocr_line' id='line_1_4' title="bbox 188 754 590 831; baseline -0.007 -18"><span class='ocrx_word' id='word_1_13' title='bbox 188 755 299 813; x_wconf 79' lang='lat' dir='ltr'><strong>Oratio.</strong></span> <span class='ocrx_word' id='word_1_14' title='bbox 343 754 399 827; x_wconf 91' lang='lat' dir='ltr'><strong>Da,</strong></span> <span class='ocrx_word' id='word_1_15' title='bbox 415 773 590 831; x_wconf 89' lang='lat' dir='ltr'><strong>quaesumus.</strong></span> 
     </span>
    </p>

    <p class='ocr_par' dir='ltr' id='par_1_5' title="bbox 185 835 1323 992">
     <span class='ocr_line' id='line_1_5' title="bbox 185 835 1323 915; baseline 0.004 -22"><span class='ocrx_word' id='word_1_16' title='bbox 185 836 333 894; x_wconf 83' lang='lat' dir='ltr'><strong>Memoria</strong></span> <span class='ocrx_word' id='word_1_17' title='bbox 346 837 381 894; x_wconf 85' lang='lat' dir='ltr'><strong>dc</strong></span> <span class='ocrx_word' id='word_1_18' title='bbox 394 845 492 893; x_wconf 83' lang='lat' dir='ltr'><strong>sancto</strong></span> <span class='ocrx_word' id='word_1_19' title='bbox 506 835 688 910; x_wconf 75' lang='lat' dir='ltr'><strong>Leodcqario,</strong></span> <span class='ocrx_word' id='word_1_20' title='bbox 703 844 840 910; x_wconf 70' lang='lat' dir='ltr'><strong>orror-tyre.</strong></span> <span class='ocrx_word' id='word_1_21' title='bbox 877 836 985 894; x_wconf 79' lang='lat' dir='ltr'><strong>Oratio.</strong></span> <span class='ocrx_word' id='word_1_22' title='bbox 1013 837 1134 910; x_wconf 73' lang='lat' dir='ltr'><strong>Praesta,</strong></span> <span class='ocrx_word' id='word_1_23' title='bbox 1145 859 1323 915; x_wconf 83' lang='lat' dir='ltr'><strong>quaesumus.</strong></span> 
     </span>
     <span class='ocr_line' id='line_1_6' title="bbox 185 917 603 992; baseline 0 -18"><span class='ocrx_word' id='word_1_24' title='bbox 185 917 329 992; x_wconf 79' lang='lat' dir='ltr'><strong>Epistola.</strong></span> <span class='ocrx_word' id='word_1_25' title='bbox 373 917 448 973; x_wconf 83' lang='lat' dir='ltr'><strong>Ecce</strong></span> <span class='ocrx_word' id='word_1_26' title='bbox 462 917 603 974; x_wconf 78' lang='lat' dir='ltr'><strong>sacerdos,</strong></span> 
     </span>
    </p>

    <p class='ocr_par' dir='ltr' id='par_1_6' title="bbox 189 996 657 1056">
     <span class='ocr_line' id='line_1_7' title="bbox 189 996 657 1056; baseline -0.006 0"><span class='ocrx_word' id='word_1_27' title='bbox 189 996 323 1056; x_wconf 77' lang='lat' dir='ltr'><strong>Gradalo.</strong></span> <span class='ocrx_word' id='word_1_28' title='bbox 366 997 488 1054; x_wconf 80' lang='lat' dir='ltr'><strong>Juravit</strong></span> <span class='ocrx_word' id='word_1_29' title='bbox 502 997 657 1054; x_wconf 87' lang='lat' dir='ltr'><strong>Dominus.</strong></span> 
     </span>
    </p>

    <p class='ocr_par' dir='ltr' id='par_1_7' title="bbox 187 1077 745 1154">
     <span class='ocr_line' id='line_1_8' title="bbox 187 1077 745 1154; baseline -0.004 -19"><span class='ocrx_word' id='word_1_30' title='bbox 187 1078 338 1154; x_wconf 87' lang='lat' dir='ltr'><strong>Alleluya.</strong></span> <span class='ocrx_word' id='word_1_31' title='bbox 387 1079 415 1136; x_wconf 92' lang='lat' dir='ltr'><strong>V.</strong></span> <span class='ocrx_word' id='word_1_32' title='bbox 439 1079 461 1136; x_wconf 89' lang='lat' dir='ltr'><strong>J</strong></span> <span class='ocrx_word' id='word_1_33' title='bbox 463 1084 546 1135; x_wconf 91' lang='lat' dir='ltr'><strong>ustus</strong></span> <span class='ocrx_word' id='word_1_34' title='bbox 559 1077 745 1153; x_wconf 82' lang='lat' dir='ltr'><strong>germinabit.</strong></span> 
     </span>
    </p>

    <p class='ocr_par' dir='ltr' id='par_1_8' title="bbox 186 1157 870 1234">
     <span class='ocr_line' id='line_1_9' title="bbox 186 1157 870 1234; baseline 0 -18"><span class='ocrx_word' id='word_1_35' title='bbox 186 1157 351 1234; x_wconf 75' lang='lat' dir='ltr'><strong>Sequentia.</strong></span> <span class='ocrx_word' id='word_1_36' title='bbox 393 1160 490 1216; x_wconf 82' lang='lat' dir='ltr'><strong>Adest</strong></span> <span class='ocrx_word' id='word_1_37' title='bbox 503 1159 596 1228; x_wconf 88' lang='lat' dir='ltr'><strong>nobis,</strong></span> <span class='ocrx_word' id='word_1_38' title='bbox 611 1168 646 1215; x_wconf 88' lang='lat' dir='ltr'><strong>at</strong></span> <span class='ocrx_word' id='word_1_39' title='bbox 659 1157 693 1215; x_wconf 87' lang='lat' dir='ltr'><strong>ia</strong></span> <span class='ocrx_word' id='word_1_40' title='bbox 708 1158 870 1218; x_wconf 80' lang='lat' dir='ltr'><strong>Ooraataai.</strong></span> 
     </span>
    </p>

    <p class='ocr_par' dir='ltr' id='par_1_9' title="bbox 187 1239 807 1316">
     <span class='ocr_line' id='line_1_10' title="bbox 187 1239 807 1316; baseline 0.002 -20"><span class='ocrx_word' id='word_1_41' title='bbox 187 1239 389 1314; x_wconf 79' lang='lat' dir='ltr'><strong>anapctiart.</strong></span> <span class='ocrx_word' id='word_1_42' title='bbox 432 1240 532 1297; x_wconf 89' lang='lat' dir='ltr'>Homo</span> <span class='ocrx_word' id='word_1_43' title='bbox 546 1240 667 1316; x_wconf 88' lang='lat' dir='ltr'><strong>quidam</strong></span> <span class='ocrx_word' id='word_1_44' title='bbox 680 1258 807 1316; x_wconf 79' lang='lat' dir='ltr'><strong>peregre.</strong></span> 
     </span>
    </p>

    <p class='ocr_par' dir='ltr' id='par_1_10' title="bbox 188 1320 553 1395">
     <span class='ocr_line' id='line_1_11' title="bbox 188 1320 553 1395; baseline -0.003 -16"><span class='ocrx_word' id='word_1_45' title='bbox 188 1320 382 1395; x_wconf 76' lang='lat' dir='ltr'><strong>Offcrtoriara.</strong></span> <span class='ocrx_word' id='word_1_46' title='bbox 425 1321 553 1378; x_wconf 87' lang='lat' dir='ltr'><strong>Veritas.</strong></span> 
     </span>
    </p>

    <p class='ocr_par' dir='ltr' id='par_1_11' title="bbox 186 1399 645 1461">
     <span class='ocr_line' id='line_1_12' title="bbox 186 1399 645 1461; baseline -0.007 0"><span class='ocrx_word' id='word_1_47' title='bbox 186 1399 366 1461; x_wconf 80' lang='lat' dir='ltr'><strong>Oornataaio.</strong></span> <span class='ocrx_word' id='word_1_48' title='bbox 409 1401 521 1459; x_wconf 80' lang='lat' dir='ltr'><strong>Beatus</strong></span> <span class='ocrx_word' id='word_1_49' title='bbox 535 1421 645 1459; x_wconf 77' lang='lat' dir='ltr'><strong>servus,</strong></span> 
     </span>
    </p>
   </div>
   <div class='ocr_carea' id='block_1_4' title="bbox 219 1592 1228 1676">
    <p class='ocr_par' dir='ltr' id='par_1_12' title="bbox 219 1592 1228 1676">
     <span class='ocr_line' id='line_1_13' title="bbox 219 1592 1228 1676; baseline 0.007 -28"><span class='ocrx_word' id='word_1_50' title='bbox 219 1592 334 1649; x_wconf 81' lang='lat' dir='ltr'><strong>Eonau</strong></span> <span class='ocrx_word' id='word_1_51' title='bbox 355 1609 408 1648; x_wconf 79' lang='lat' dir='ltr'><strong>nia</strong></span> <span class='ocrx_word' id='word_1_52' title='bbox 428 1608 534 1650; x_wconf 76' lang='lat' dir='ltr'><strong>sanam</strong></span> <span class='ocrx_word' id='word_1_53' title='bbox 555 1592 759 1663; x_wconf 76' lang='lat' dir='ltr'><strong>Leonaannn,</strong></span> <span class='ocrx_word' id='word_1_54' title='bbox 783 1608 941 1650; x_wconf 68' lang='lat' dir='ltr'><strong>nourrius.</strong></span> <span class='ocrx_word' id='word_1_55' title='bbox 987 1593 1038 1672; x_wconf 89' lang='lat' dir='ltr'><strong>(vi.</strong></span> <span class='ocrx_word' id='word_1_56' title='bbox 1054 1593 1132 1653; x_wconf 87' lang='lat' dir='ltr'><strong>Non.</strong></span> <span class='ocrx_word' id='word_1_57' title='bbox 1150 1597 1228 1676; x_wconf 85' lang='lat' dir='ltr'><strong>Oct.)</strong></span> 
     </span>
    </p>
   </div>
   <div class='ocr_carea' id='block_1_5' title="bbox 184 1719 698 2372">
    <p class='ocr_par' dir='ltr' id='par_1_13' title="bbox 184 1719 698 2372">
     <span class='ocr_line' id='line_1_14' title="bbox 187 1719 607 1803; baseline -0.002 -16"><span class='ocrx_word' id='word_1_58' title='bbox 187 1719 327 1803; x_wconf 73' lang='lat' dir='ltr'><strong>Officium.</strong></span> <span class='ocrx_word' id='word_1_59' title='bbox 370 1730 410 1786; x_wconf 89' lang='lat' dir='ltr'><strong>In</strong></span> <span class='ocrx_word' id='word_1_60' title='bbox 424 1729 536 1786; x_wconf 86' lang='lat' dir='ltr'><strong>virtute</strong></span> <span class='ocrx_word' id='word_1_61' title='bbox 545 1734 607 1786; x_wconf 89' lang='lat' dir='ltr'><strong>tua.</strong></span> 
     </span>
     <span class='ocr_line' id='line_1_15' title="bbox 187 1809 655 1886; baseline -0.004 -18"><span class='ocrx_word' id='word_1_62' title='bbox 187 1810 297 1868; x_wconf 80' lang='lat' dir='ltr'><strong>Oratio.</strong></span> <span class='ocrx_word' id='word_1_63' title='bbox 341 1809 464 1880; x_wconf 84' lang='lat' dir='ltr'><strong>Praesta,</strong></span> <span class='ocrx_word' id='word_1_64' title='bbox 479 1829 655 1886; x_wconf 89' lang='lat' dir='ltr'><strong>quaesumus.</strong></span> 
     </span>
     <span class='ocr_line' id='line_1_16' title="bbox 185 1890 571 1966; baseline 0 -18"><span class='ocrx_word' id='word_1_65' title='bbox 185 1891 327 1966; x_wconf 76' lang='lat' dir='ltr'><strong>Epistola.</strong></span> <span class='ocrx_word' id='word_1_66' title='bbox 371 1890 487 1948; x_wconf 87' lang='lat' dir='ltr'><strong>Memor</strong></span> <span class='ocrx_word' id='word_1_67' title='bbox 500 1897 571 1948; x_wconf 90' lang='lat' dir='ltr'><strong>est0.</strong></span> 
     </span>
     <span class='ocr_line' id='line_1_17' title="bbox 187 1970 504 2029; baseline 0 0"><span class='ocrx_word' id='word_1_68' title='bbox 187 1970 323 2029; x_wconf 80' lang='lat' dir='ltr'><strong>Oradolo.</strong></span> <span class='ocrx_word' id='word_1_69' title='bbox 368 1971 504 2029; x_wconf 89' lang='lat' dir='ltr'><strong>Posuisti.</strong></span> 
     </span>
     <span class='ocr_line' id='line_1_18' title="bbox 185 2051 607 2128; baseline -0.002 -18"><span class='ocrx_word' id='word_1_70' title='bbox 185 2052 335 2128; x_wconf 82' lang='lat' dir='ltr'><strong>Alleluya.</strong></span> <span class='ocrx_word' id='word_1_71' title='bbox 384 2053 412 2110; x_wconf 93' lang='lat' dir='ltr'><strong>V.</strong></span> <span class='ocrx_word' id='word_1_72' title='bbox 436 2051 607 2109; x_wconf 74' lang='lat' dir='ltr'><strong>Laetabitur.</strong></span> 
     </span>
     <span class='ocr_line' id='line_1_19' title="bbox 184 2133 661 2207; baseline -0.002 -17"><span class='ocrx_word' id='word_1_73' title='bbox 184 2133 388 2207; x_wconf 76' lang='lat' dir='ltr'><strong>Eaaapcliam.</strong></span> <span class='ocrx_word' id='word_1_74' title='bbox 431 2133 491 2201; x_wconf 83' lang='lat' dir='ltr'><strong>Qui</strong></span> <span class='ocrx_word' id='word_1_75' title='bbox 503 2152 556 2189; x_wconf 87' lang='lat' dir='ltr'><strong>vos</strong></span> <span class='ocrx_word' id='word_1_76' title='bbox 569 2133 661 2189; x_wconf 93' lang='lat' dir='ltr'><strong>audit.</strong></span> 
     </span>
     <span class='ocr_line' id='line_1_20' title="bbox 187 2213 698 2287; baseline -0.002 -16"><span class='ocrx_word' id='word_1_77' title='bbox 187 2213 380 2287; x_wconf 80' lang='lat' dir='ltr'><strong>Offcrtoriam.</strong></span> <span class='ocrx_word' id='word_1_78' title='bbox 424 2213 525 2271; x_wconf 82' lang='lat' dir='ltr'><strong>Gloria</strong></span> <span class='ocrx_word' id='word_1_79' title='bbox 538 2219 568 2270; x_wconf 89' lang='lat' dir='ltr'><strong>et</strong></span> <span class='ocrx_word' id='word_1_80' title='bbox 581 2214 698 2271; x_wconf 82' lang='lat' dir='ltr'><strong>honore.</strong></span> 
     </span>
     <span class='ocr_line' id='line_1_21' title="bbox 186 2293 591 2372; baseline -0.002 -19"><span class='ocrx_word' id='word_1_81' title='bbox 186 2294 369 2353; x_wconf 77' lang='lat' dir='ltr'><strong>Communia</strong></span> <span class='ocrx_word' id='word_1_82' title='bbox 413 2293 525 2372; x_wconf 84' lang='lat' dir='ltr'><strong>Magna</strong></span> <span class='ocrx_word' id='word_1_83' title='bbox 539 2301 591 2352; x_wconf 87' lang='lat' dir='ltr'><strong>est.</strong></span> 
     </span>
    </p>
   </div>
   <div class='ocr_carea' id='block_1_6' title="bbox 315 2481 1132 2562">
    <p class='ocr_par' dir='ltr' id='par_1_14' title="bbox 315 2481 1132 2562">
     <span class='ocr_line' id='line_1_22' title="bbox 315 2481 1132 2562; baseline 0.002 -22"><span class='ocrx_word' id='word_1_84' title='bbox 315 2482 428 2540; x_wconf 70' lang='lat' dir='ltr'><strong>Sanam</strong></span> <span class='ocrx_word' id='word_1_85' title='bbox 449 2482 624 2552; x_wconf 71' lang='lat' dir='ltr'><strong>Fennorscu</strong></span> <span class='ocrx_word' id='word_1_86' title='bbox 645 2498 850 2541; x_wconf 79' lang='lat' dir='ltr'><strong>conanssoms.</strong></span> <span class='ocrx_word' id='word_1_87' title='bbox 892 2481 942 2560; x_wconf 88' lang='lat' dir='ltr'><strong>(iv.</strong></span> <span class='ocrx_word' id='word_1_88' title='bbox 959 2483 1037 2541; x_wconf 88' lang='lat' dir='ltr'><strong>Non.</strong></span> <span class='ocrx_word' id='word_1_89' title='bbox 1054 2484 1132 2562; x_wconf 79' lang='lat' dir='ltr'><strong>Oct.)</strong></span> 
     </span>
    </p>
   </div>
   <div class='ocr_carea' id='block_1_7' title="bbox 182 2622 696 3248">
    <p class='ocr_par' dir='ltr' id='par_1_15' title="bbox 185 2622 507 2698">
     <span class='ocr_line' id='line_1_23' title="bbox 185 2622 507 2698; baseline -0.016 -15"><span class='ocrx_word' id='word_1_90' title='bbox 185 2624 327 2698; x_wconf 82' lang='lat' dir='ltr'><strong>Officium.</strong></span> <span class='ocrx_word' id='word_1_91' title='bbox 371 2622 413 2679; x_wconf 89' lang='lat' dir='ltr'><strong>Os</strong></span> <span class='ocrx_word' id='word_1_92' title='bbox 422 2623 507 2698; x_wconf 84' lang='lat' dir='ltr'><strong>justi.</strong></span> 
     </span>
    </p>

    <p class='ocr_par' dir='ltr' id='par_1_16' title="bbox 183 2702 622 2941">
     <span class='ocr_line' id='line_1_24' title="bbox 184 2702 615 2774; baseline -0.009 -12"><span class='ocrx_word' id='word_1_93' title='bbox 184 2705 295 2762; x_wconf 79' lang='lat' dir='ltr'><strong>Oratio.</strong></span> <span class='ocrx_word' id='word_1_94' title='bbox 338 2703 462 2774; x_wconf 87' lang='lat' dir='ltr'><strong>Adesto,</strong></span> <span class='ocrx_word' id='word_1_95' title='bbox 478 2702 615 2759; x_wconf 89' lang='lat' dir='ltr'><strong>Domine.</strong></span> 
     </span>
     <span class='ocr_line' id='line_1_25' title="bbox 183 2783 622 2861; baseline -0.009 -18"><span class='ocrx_word' id='word_1_96' title='bbox 183 2785 325 2861; x_wconf 76' lang='lat' dir='ltr'><strong>Epistola.</strong></span> <span class='ocrx_word' id='word_1_97' title='bbox 369 2784 504 2841; x_wconf 82' lang='lat' dir='ltr'><strong>Dilectus</strong></span> <span class='ocrx_word' id='word_1_98' title='bbox 518 2803 536 2840; x_wconf 91' lang='lat' dir='ltr'><strong>a</strong></span> <span class='ocrx_word' id='word_1_99' title='bbox 549 2783 622 2840; x_wconf 90' lang='lat' dir='ltr'><strong>Dec.</strong></span> 
     </span>
     <span class='ocr_line' id='line_1_26' title="bbox 184 2864 500 2941; baseline -0.006 -17"><span class='ocrx_word' id='word_1_100' title='bbox 184 2865 321 2924; x_wconf 79' lang='lat' dir='ltr'><strong>Orodoic.</strong></span> <span class='ocrx_word' id='word_1_101' title='bbox 365 2864 407 2921; x_wconf 90' lang='lat' dir='ltr'><strong>Os</strong></span> <span class='ocrx_word' id='word_1_102' title='bbox 417 2865 500 2941; x_wconf 91' lang='lat' dir='ltr'><strong>justi.</strong></span> 
     </span>
    </p>

    <p class='ocr_par' dir='ltr' id='par_1_17' title="bbox 182 2945 696 3248">
     <span class='ocr_line' id='line_1_27' title="bbox 182 2945 637 3022; baseline -0.007 -17"><span class='ocrx_word' id='word_1_103' title='bbox 182 2947 332 3022; x_wconf 85' lang='lat' dir='ltr'><strong>Alleluya.</strong></span> <span class='ocrx_word' id='word_1_104' title='bbox 382 2946 410 3003; x_wconf 93' lang='lat' dir='ltr'><strong>V.</strong></span> <span class='ocrx_word' id='word_1_105' title='bbox 434 2945 498 3003; x_wconf 88' lang='lat' dir='ltr'><strong>Iste</strong></span> <span class='ocrx_word' id='word_1_106' title='bbox 511 2951 637 3002; x_wconf 79' lang='lat' dir='ltr'><strong>sanctus</strong></span> 
     </span>
     <span class='ocr_line' id='line_1_28' title="bbox 182 3025 696 3102; baseline -0.008 -18"><span class='ocrx_word' id='word_1_107' title='bbox 182 3027 384 3102; x_wconf 76' lang='lat' dir='ltr'><strong>Eaariqcliaot.</strong></span> <span class='ocrx_word' id='word_1_108' title='bbox 428 3027 525 3083; x_wconf 87' lang='lat' dir='ltr'><strong>Nemo</strong></span> <span class='ocrx_word' id='word_1_109' title='bbox 540 3025 696 3083; x_wconf 85' lang='lat' dir='ltr'><strong>lucernam.</strong></span> 
     </span>
     <span class='ocr_line' id='line_1_29' title="bbox 183 3106 551 3182; baseline -0.011 -15"><span class='ocrx_word' id='word_1_110' title='bbox 183 3109 378 3182; x_wconf 76' lang='lat' dir='ltr'><strong>offertorium.</strong></span> <span class='ocrx_word' id='word_1_111' title='bbox 421 3106 551 3164; x_wconf 86' lang='lat' dir='ltr'><strong>Veritas.</strong></span> 
     </span>
     <span class='ocr_line' id='line_1_30' title="bbox 183 3188 645 3248; baseline -0.013 0"><span class='ocrx_word' id='word_1_112' title='bbox 183 3189 366 3248; x_wconf 82' lang='lat' dir='ltr'><strong>Ooraataaio.</strong></span> <span class='ocrx_word' id='word_1_113' title='bbox 409 3188 521 3245; x_wconf 87' lang='lat' dir='ltr'><strong>Beatus</strong></span> <span class='ocrx_word' id='word_1_114' title='bbox 535 3206 645 3244; x_wconf 83' lang='lat' dir='ltr'><strong>servus</strong></span> 
     </span>
    </p>
   </div>
   <div class='ocr_carea' id='block_1_8' title="bbox 240 3376 1204 3469">
    <p class='ocr_par' dir='ltr' id='par_1_18' title="bbox 240 3376 1204 3469">
     <span class='ocr_line' id='line_1_31' title="bbox 240 3376 1204 3469; baseline -0.003 -27"><span class='ocrx_word' id='word_1_115' title='bbox 240 3384 352 3442; x_wconf 74' lang='lat' dir='ltr'><strong>Sanan</strong></span> <span class='ocrx_word' id='word_1_116' title='bbox 374 3383 470 3454; x_wconf 87' lang='lat' dir='ltr'><strong>F1n1s,</strong></span> <span class='ocrx_word' id='word_1_117' title='bbox 493 3396 629 3438; x_wconf 75' lang='lat' dir='ltr'><strong>vinsnus</strong></span> <span class='ocrx_word' id='word_1_118' title='bbox 650 3395 687 3436; x_wconf 79' lang='lat' dir='ltr'><strong>nr</strong></span> <span class='ocrx_word' id='word_1_119' title='bbox 708 3393 869 3469; x_wconf 69' lang='lat' dir='ltr'><strong>anaspum.</strong></span> <span class='ocrx_word' id='word_1_120' title='bbox 914 3376 1006 3456; x_wconf 86' lang='lat' dir='ltr'><strong>(Prid.</strong></span> <span class='ocrx_word' id='word_1_121' title='bbox 1023 3380 1100 3437; x_wconf 85' lang='lat' dir='ltr'><strong>Non.</strong></span> <span class='ocrx_word' id='word_1_122' title='bbox 1118 3381 1204 3458; x_wconf 72' lang='lat' dir='ltr'><strong>Oct.)</strong></span> 
     </span>
    </p>
   </div>
   <div class='ocr_carea' id='block_1_9' title="bbox 125 3523 1315 4250">
    <p class='ocr_par' dir='ltr' id='par_1_19' title="bbox 181 3523 772 3604">
     <span class='ocr_line' id='line_1_32' title="bbox 181 3523 772 3604; baseline -0.014 -16"><span class='ocrx_word' id='word_1_123' title='bbox 181 3528 323 3604; x_wconf 82' lang='lat' dir='ltr'><strong>Officium.</strong></span> <span class='ocrx_word' id='word_1_124' title='bbox 366 3525 522 3603; x_wconf 79' lang='lat' dir='ltr'><strong>Loqueba&#39;r</strong></span> <span class='ocrx_word' id='word_1_125' title='bbox 535 3526 571 3584; x_wconf 95' lang='lat' dir='ltr'><strong>de</strong></span> <span class='ocrx_word' id='word_1_126' title='bbox 585 3523 772 3584; x_wconf 89' lang='lat' dir='ltr'><strong>testimoniis.</strong></span> 
     </span>
    </p>

    <p class='ocr_par' dir='ltr' id='par_1_20' title="bbox 182 3611 292 3668">
     <span class='ocr_line' id='line_1_33' title="bbox 182 3611 292 3668; baseline 0 0"><span class='ocrx_word' id='word_1_127' title='bbox 182 3611 292 3668; x_wconf 79' lang='lat' dir='ltr'><strong>Oratio.</strong></span> 
     </span>
    </p>

    <p class='ocr_par' dir='ltr' id='par_1_21' title="bbox 125 3684 1315 3928">
     <span class='ocr_line' id='line_1_34' title="bbox 180 3684 1313 3766; baseline 0 -18"><span class='ocrx_word' id='word_1_128' title='bbox 180 3691 270 3760; x_wconf 87' lang='lat' dir='ltr'><strong>Deus,</strong></span> <span class='ocrx_word' id='word_1_129' title='bbox 293 3689 346 3766; x_wconf 86' lang='lat' dir='ltr'><strong>qui</strong></span> <span class='ocrx_word' id='word_1_130' title='bbox 368 3694 543 3765; x_wconf 85' lang='lat' dir='ltr'><strong>praesentem</strong></span> <span class='ocrx_word' id='word_1_131' title='bbox 565 3688 643 3745; x_wconf 88' lang='lat' dir='ltr'><strong>diem</strong></span> <span class='ocrx_word' id='word_1_132' title='bbox 666 3687 763 3744; x_wconf 87' lang='lat' dir='ltr'><strong>beatae</strong></span> <span class='ocrx_word' id='word_1_133' title='bbox 783 3685 875 3753; x_wconf 79' lang='lat' dir='ltr'><strong>Fidis,</strong></span> <span class='ocrx_word' id='word_1_134' title='bbox 892 3684 1015 3762; x_wconf 80' lang='lat' dir='ltr'><strong>virginis</strong></span> <span class='ocrx_word' id='word_1_135' title='bbox 1038 3693 1067 3744; x_wconf 87' lang='lat' dir='ltr'><strong>et</strong></span> <span class='ocrx_word' id='word_1_136' title='bbox 1089 3691 1226 3765; x_wconf 80' lang='lat' dir='ltr'><strong>martyris</strong></span> <span class='ocrx_word' id='word_1_137' title='bbox 1244 3697 1313 3762; x_wconf 67' lang='lat' dir='ltr'><strong>tute,</strong></span> 
     </span>
     <span class='ocr_line' id='line_1_35' title="bbox 126 3767 1315 3848; baseline 0.003 -22"><span class='ocrx_word' id='word_1_138' title='bbox 126 3770 192 3829; x_wconf 82' lang='lat' dir='ltr'><strong>lacis</strong></span> <span class='ocrx_word' id='word_1_139' title='bbox 205 3791 267 3830; x_wconf 88' lang='lat' dir='ltr'><strong>esse</strong></span> <span class='ocrx_word' id='word_1_140' title='bbox 282 3771 462 3842; x_wconf 89' lang='lat' dir='ltr'><strong>sollemnem,</strong></span> <span class='ocrx_word' id='word_1_141' title='bbox 475 3775 582 3845; x_wconf 86' lang='lat' dir='ltr'><strong>praesta</strong></span> <span class='ocrx_word' id='word_1_142' title='bbox 592 3768 729 3826; x_wconf 78' lang='lat' dir='ltr'><strong>Ecclesiae</strong></span> <span class='ocrx_word' id='word_1_143' title='bbox 739 3773 806 3838; x_wconf 84' lang='lat' dir='ltr'><strong>tuae,</strong></span> <span class='ocrx_word' id='word_1_144' title='bbox 820 3773 855 3823; x_wconf 89' lang='lat' dir='ltr'><strong>ut</strong></span> <span class='ocrx_word' id='word_1_145' title='bbox 865 3767 949 3842; x_wconf 86' lang='lat' dir='ltr'><strong>cujus</strong></span> <span class='ocrx_word' id='word_1_146' title='bbox 964 3768 1079 3825; x_wconf 70' lang='lat' dir='ltr'><strong>melitis</strong></span> <span class='ocrx_word' id='word_1_147' title='bbox 1089 3771 1240 3846; x_wconf 71' lang='lat' dir='ltr'><strong>gloriatur,</strong></span> <span class='ocrx_word' id='word_1_148' title='bbox 1253 3774 1315 3848; x_wconf 71' lang='lat' dir='ltr'><strong>ejus</strong></span> 
     </span>
     <span class='ocr_line' id='line_1_36' title="bbox 125 3850 543 3928; baseline -0.005 -20"><span class='ocrx_word' id='word_1_149' title='bbox 125 3854 254 3928; x_wconf 81' lang='lat' dir='ltr'><strong>precibus</strong></span> <span class='ocrx_word' id='word_1_150' title='bbox 267 3852 434 3928; x_wconf 82' lang='lat' dir='ltr'><strong>adjuvetur.</strong></span> <span class='ocrx_word' id='word_1_151' title='bbox 478 3850 543 3907; x_wconf 90' lang='lat' dir='ltr'><strong>Per.</strong></span> 
     </span>
    </p>

    <p class='ocr_par' dir='ltr' id='par_1_22' title="bbox 178 3932 592 4010">
     <span class='ocr_line' id='line_1_37' title="bbox 178 3932 592 4010; baseline -0.014 -18"><span class='ocrx_word' id='word_1_152' title='bbox 178 3933 320 4010; x_wconf 69' lang='lat' dir='ltr'><strong>Optatoia.</strong></span> <span class='ocrx_word' id='word_1_153' title='bbox 365 3932 425 4001; x_wconf 83' lang='lat' dir='ltr'><strong>Qui</strong></span> <span class='ocrx_word' id='word_1_154' title='bbox 440 3932 592 4008; x_wconf 84' lang='lat' dir='ltr'><strong>gloriatur.</strong></span> 
     </span>
    </p>

    <p class='ocr_par' dir='ltr' id='par_1_23' title="bbox 181 4012 543 4072">
     <span class='ocr_line' id='line_1_38' title="bbox 181 4012 543 4072; baseline -0.011 0"><span class='ocrx_word' id='word_1_155' title='bbox 181 4014 316 4072; x_wconf 76' lang='lat' dir='ltr'><strong>Gradatc.</strong></span> <span class='ocrx_word' id='word_1_156' title='bbox 360 4012 477 4070; x_wconf 84' lang='lat' dir='ltr'><strong>Diffusa</strong></span> <span class='ocrx_word' id='word_1_157' title='bbox 492 4018 543 4069; x_wconf 89' lang='lat' dir='ltr'><strong>est.</strong></span> 
     </span>
    </p>

    <p class='ocr_par' dir='ltr' id='par_1_24' title="bbox 178 4093 576 4170">
     <span class='ocr_line' id='line_1_39' title="bbox 178 4093 576 4170; baseline -0.01 -17"><span class='ocrx_word' id='word_1_158' title='bbox 178 4095 328 4170; x_wconf 87' lang='lat' dir='ltr'><strong>Alleluya.</strong></span> <span class='ocrx_word' id='word_1_159' title='bbox 379 4094 407 4151; x_wconf 91' lang='lat' dir='ltr'><strong>V.</strong></span> <span class='ocrx_word' id='word_1_160' title='bbox 430 4093 576 4150; x_wconf 87' lang='lat' dir='ltr'><strong>AEmulor.</strong></span> 
     </span>
    </p>

    <p class='ocr_par' dir='ltr' id='par_1_25' title="bbox 178 4171 1171 4250">
     <span class='ocr_line' id='line_1_40' title="bbox 178 4171 1171 4250; baseline -0.002 -18"><span class='ocrx_word' id='word_1_161' title='bbox 178 4175 383 4250; x_wconf 71' lang='lat' dir='ltr'><strong>anapctiaar.</strong></span> <span class='ocrx_word' id='word_1_162' title='bbox 426 4173 528 4231; x_wconf 83' lang='lat' dir='ltr'><strong>Simile</strong></span> <span class='ocrx_word' id='word_1_163' title='bbox 542 4179 586 4231; x_wconf 90' lang='lat' dir='ltr'><strong>est</strong></span> <span class='ocrx_word' id='word_1_164' title='bbox 599 4191 722 4249; x_wconf 81' lang='lat' dir='ltr'><strong>regnum</strong></span> <span class='ocrx_word' id='word_1_165' title='bbox 737 4171 873 4229; x_wconf 88' lang='lat' dir='ltr'><strong>caelorum</strong></span> <span class='ocrx_word' id='word_1_166' title='bbox 886 4172 986 4230; x_wconf 88' lang='lat' dir='ltr'><strong>decem</strong></span> <span class='ocrx_word' id='word_1_167' title='bbox 1000 4171 1171 4250; x_wconf 85' lang='lat' dir='ltr'><strong>virginibus.</strong></span> 
     </span>
    </p>
   </div>
   <div class='ocr_carea' id='block_1_10' title="bbox 176 4255 1312 4498">
    <p class='ocr_par' dir='ltr' id='par_1_26' title="bbox 176 4255 1312 4498">
     <span class='ocr_line' id='line_1_41' title="bbox 178 4255 626 4332; baseline -0.013 -16"><span class='ocrx_word' id='word_1_168' title='bbox 178 4256 373 4332; x_wconf 81' lang='lat' dir='ltr'><strong>Offcrtoriam.</strong></span> <span class='ocrx_word' id='word_1_169' title='bbox 418 4255 503 4312; x_wconf 83' lang='lat' dir='ltr'><strong>Filiae</strong></span> <span class='ocrx_word' id='word_1_170' title='bbox 516 4274 626 4332; x_wconf 82' lang='lat' dir='ltr'><strong>regum.</strong></span> 
     </span>
     <span class='ocr_line' id='line_1_42' title="bbox 176 4338 300 4398; baseline -0.008 -2"><span class='ocrx_word' id='word_1_171' title='bbox 176 4338 300 4398; x_wconf 81' lang='lat' dir='ltr'><strong>Secreta.</strong></span> 
     </span>
     <span class='ocr_line' id='line_1_43' title="bbox 176 4414 1312 4498; baseline -0.003 -20"><span class='ocrx_word' id='word_1_172' title='bbox 176 4419 307 4497; x_wconf 83' lang='lat' dir='ltr'><strong>Suscipe,</strong></span> <span class='ocrx_word' id='word_1_173' title='bbox 323 4418 461 4493; x_wconf 90' lang='lat' dir='ltr'><strong>Domine,</strong></span> <span class='ocrx_word' id='word_1_174' title='bbox 474 4436 573 4498; x_wconf 86' lang='lat' dir='ltr'><strong>preces</strong></span> <span class='ocrx_word' id='word_1_175' title='bbox 595 4422 626 4476; x_wconf 89' lang='lat' dir='ltr'><strong>et</strong></span> <span class='ocrx_word' id='word_1_176' title='bbox 649 4414 760 4474; x_wconf 85' lang='lat' dir='ltr'><strong>hostias</strong></span> <span class='ocrx_word' id='word_1_177' title='bbox 782 4416 895 4474; x_wconf 80' lang='lat' dir='ltr'><strong>meritis</strong></span> <span class='ocrx_word' id='word_1_178' title='bbox 917 4416 1009 4475; x_wconf 88' lang='lat' dir='ltr'><strong>beatae</strong></span> <span class='ocrx_word' id='word_1_179' title='bbox 1032 4415 1123 4489; x_wconf 85' lang='lat' dir='ltr'><strong>Fidis,</strong></span> <span class='ocrx_word' id='word_1_180' title='bbox 1138 4415 1262 4494; x_wconf 83' lang='lat' dir='ltr'><strong>virginis</strong></span> <span class='ocrx_word' id='word_1_181' title='bbox 1282 4423 1312 4475; x_wconf 85' lang='lat' dir='ltr'><strong>et</strong></span> 
     </span>
    </p>
   </div>
   <div class='ocr_carea' id='block_1_11' title="bbox 0 0 1460 4904">
    <p class='ocr_par' dir='ltr' id='par_1_27' title="bbox 0 0 1460 4904">
     <span class='ocr_line' id='line_1_44' title="bbox 0 0 1460 4904; baseline 0 2"><span class='ocrx_word' id='word_1_182' title='bbox 0 0 1460 4904; x_wconf 95' lang='lat' dir='ltr'><strong> </strong></span> 
     </span>
    </p>
   </div>
  </div>
 </body>
</html>
