2910 4904
168 312 210 375 86
628 305 726 374 Festo
747 306 910 393 Aupueti.

165 473 305 549 Domine,
318 479 440 552 praestet
459 473 608 533 auxilium
627 479 663 532 ut
683 473 807 533 caelestia
827 493 936 532 mensae
955 474 1145 553 participatio
1166 494 1257 555 quam
1275 495 1373 556 semp

164 557 256 615 simus
269 556 385 615 tribuat
398 556 527 615 eeclesiae
541 561 602 614 tuae
615 556 793 614 recensitam
806 555 953 614 laetitiam.
996 556 1063 616 Per.

226 662 324 721 Tertio
337 662 385 720 da'e
397 659 483 737 iasio
502 659 624 719 Oetaeos
638 660 725 720 beatae
738 660 854 718 Murice.
897 658 1063 736 Sequentia.

329 768 398 825 Hae
412 766 492 824 clara
506 765 555 824 die
567 771 669 824 turma
682 764 791 823 festiva
804 764 857 824 dat
869 764 1026 843 praeconia,

329 849 461 905 Mariam
474 847 676 924 concrepando
689 844 868 924 symphonia
880 853 1037 921 nectarea3

329 929 441 986 Mundi
454 929 584 986 Domina
597 948 663 1005 quae
677 947 708 985 es
722 928 793 1001 sola,
808 928 973 986 castissima
985 927 1138 1007 virginum
1149 928 1263 1009 regina,

329 1010 441 1068 Salutis
455 1029 551 1082 causa,
566 1009 636 1068 vitae
650 1013 744 1086 porta,
759 1015 849 1084 atque
862 1008 928 1067 caeli
940 1009 1050 1068 referta
1063 1010 1169 1088 gratia.

329 1091 411 1148 Nam
424 1091 463 1148 ad
475 1091 558 1148 illam
572 1095 644 1148 sunt
656 1091 765 1148 nuntia
778 1089 850 1147 olim
863 1090 942 1148 facta
955 1090 1096 1169 angelica,

329 1172 405 1245 Ave,
421 1172 529 1244 Maria,
544 1171 642 1250 gratia
655 1170 715 1229 Dei
727 1171 816 1248 plena
828 1190 882 1248 per
895 1170 1011 1246 caeoldo,

329 1253 495 1311 Mulierum
508 1252 559 1330 pia
571 1253 690 1328 agmina
702 1252 784 1309 intra
796 1271 912 1330 semper
923 1252 1080 1311 benedicta
1089 1273 1099 1328 3

329 1334 435 1411 Virgo,
450 1339 481 1392 et
494 1333 626 1410 gravida,
640 1340 737 1391 mater
748 1333 864 1391 intacta
877 1333 960 1410 prole
973 1334 1109 1412 gloriosa.

329 1414 387 1473 Oui
401 1421 504 1473 contra
518 1414 618 1472 Maria
631 1415 694 1472 haee
708 1413 807 1472 reddit
820 1414 952 1473 femina:

328 1497 368 1554 In
382 1516 429 1554 me
443 1496 591 1573 quomodo
605 1501 658 1553 tua
668 1495 732 1572 jam
746 1494 820 1552 fient
833 1496 960 1555 nuntiat

328 1577 399 1635 Viri
411 1578 484 1635 novi
497 1577 612 1634 nullam
626 1581 704 1634 certe
718 1576 853 1652 copulam
863 1596 872 1650 3

328 1658 450 1734 Exque
464 1664 555 1734 atque
568 1663 641 1715 nata
654 1677 721 1714 sum
733 1657 914 1735 incorrupta.

328 1740 410 1797 Diva
424 1739 531 1797 missus
544 1739 589 1796 ita
603 1738 701 1796 reddit
715 1738 823 1811 affata3

328 1820 420 1878 Flatu
434 1839 516 1878 sacro
530 1819 619 1898 plena
633 1819 693 1892 fies,
709 1818 818 1886 Maria,

327 1901 359 1959 N
360 1921 417 1960 ova
430 1902 560 1959 referens
573 1900 683 1978 gaudia
696 1919 714 1957 a
727 1899 797 1958 caelo
811 1905 898 1959 terrae
912 1899 978 1958 nati
991 1919 1045 1978 per
1057 1899 1200 1960 exordia:

327 1983 416 2040 Intra
429 1983 476 2040 tui
489 1982 569 2040 uteri
582 1981 711 2039 claustra
724 1986 826 2058 portas
840 1982 893 2058 qui
906 1980 1054 2059 gubernat
1066 1981 1186 2055 aethera,

329 2063 438 2122 Omnia
452 2063 505 2140 qui
518 2063 571 2121 dat
584 2068 721 2139 tempora
734 2061 865 2140 pacifica.

387 2305 500 2364 Saron
521 2304 665 2376 Aeaeum,
687 2319 850 2361 naarrms.
896 2300 958 2382 (xv.
974 2300 1045 2361 Kal.
1061 2298 1158 2379 Sept)

224 2436 359 2574 Iidiiiiir
385 2515 507 2574 ecclesia
533 2519 594 2588 tua,
624 2515 716 2587 Deus,
745 2513 826 2571 beati
852 2512 980 2592 Agepiti
1008 2511 1149 2590 martyris
1181 2512 1229 2571 tui
1265 2511 1376 2573 confisa

165 2597 322 2673 suffragiis,
337 2602 427 2673 atque
449 2597 513 2674 ejus
534 2595 670 2673 precibus
692 2595 826 2674 gloriosis
848 2601 878 2653 et
901 2594 1009 2652 devota
1029 2598 1202 2672 permaneat
1222 2596 1255 2651 et
1273 2610 1378 2653 secura

167 2678 317 2736 consistat.
360 2678 420 2736 Per
434 2678 608 2738 Dominum.

354 2771 371 2805 fl

227 2769 357 2929 giiiiici,
373 2851 511 2925 Domine,
532 2869 658 2908 munera
679 2868 746 2926 quae
769 2849 802 2905 in
827 2850 890 2926 ejus
912 2848 969 2907 tibi
987 2847 1186 2907 sollemnitate
1203 2846 1376 2923 deferImus,

168 2933 252 3009 eujus
265 2952 318 2990 nos
332 2933 508 2990 confidimus
521 2930 686 3009 patrocinio
699 2930 828 2988 liberari.
870 2930 930 2988 Per
943 2929 1115 2991 Dominum.

227 3025 471 3085 Posteomauuaio.

229 3105 359 3180 Satiasti,
375 3029 513 3178 Domirie,
527 3104 673 3163 familiam
685 3110 770 3162 tuam
783 3103 957 3162 muneribus
965 3104 1070 3176 sacris;
1083 3103 1148 3179 ejus
1155 3118 1273 3183 semper
1284 3102 1379 3163 inter-

168 3187 307 3246 ventione
320 3208 374 3246 nos
386 3187 495 3260 refove,
510 3187 596 3264 cujus
604 3186 758 3245 sollemnia
766 3185 955 3245 celebramus.
984 3184 1044 3243 Par
1054 3184 1219 3244 Dominum
1228 3190 1377 3245 noemin.

231 3297 343 3369 Quarto
357 3297 405 3357 die
417 3297 505 3373 infru
520 3295 643 3355 Octavus
656 3293 880 3371 assumptionis.
923 3291 1086 3370 Sequentia

495 3394 658 3452 Hodiernae
672 3393 727 3450 lux
742 3391 803 3450 diei

495 3474 627 3534 Celebris
640 3474 673 3530 in
687 3473 792 3530 metris
806 3472 866 3531 Dei

535 3555 650 3634 Agitur
662 3553 814 3613 memoria.

495 3637 696 3695 Decantemus
709 3635 743 3692 in
756 3634 811 3692 hae
825 3632 873 3691 die

495 3716 617 3794 Semper
630 3715 758 3792 virginis
772 3713 879 3772 Mariae

536 3798 654 3856 Laudes
667 3804 699 3855 et
711 3795 867 3874 praeconia.

496 3876 603 3937 Omnis
616 3879 713 3949 homo,
729 3877 811 3935 omni
824 3876 907 3946 hora,

496 3959 600 4036 Ipsam
613 3978 672 4030 ora,
688 3963 720 4016 et
731 3957 858 4034 implora

536 4040 611 4117 Ejus
624 4039 809 4118 patrocinia3

228 4216 242 4242 ¹¹
257 4215 311 4263 MS.
322 4215 433 4262 D.-Pro
442 4216 506 4263 beati
517 4217 618 4276 Agapiti
632 4216 746 4275 martyris
760 4215 798 4261 tui
812 4213 927 4274 passione
938 4211 1076 4259 veneranda
1089 4210 1183 4258 hostias
1197 4208 1251 4267 tibi.
1262 4208 1375 4265 Domine,

167 4274 327 4333 immolantes,
338 4289 484 4336 quaesumus,
493 4278 521 4322 ut
535 4278 589 4336 ojus
603 4276 754 4322 orationibus
769 4275 879 4334 placeant
895 4287 940 4332 pro
957 4272 1028 4332 cnjus
1043 4270 1140 4317 noum
1153 4269 1296 4318 dorum.
1326 4268 1375 4317 Per

170 4334 310 4454 Dompnpanp:
321 4394 483 4452 D.—Praeste‚
493 4407 639 4454 quaesumus,
650 4394 753 4440 Domine
771 4394 837 4439 Deus
854 4393 945 4449 noster,
956 4393 985 4437 ut
999 4388 1143 4436 sacramenti
1158 4388 1197 4436 tui
1212 4388 1306 4436 virtute
1319 4396 1376 4449 ptr·

167 4453 245 4512 copta,
254 4452 427 4502 intercessione
437 4455 501 4502 beati
511 4454 612 4515 Agapiti
621 4453 735 4514 martyris
744 4453 782 4500 tui
791 4455 859 4500 tanto
868 4463 968 4498 munere
978 4448 1046 4510 digni
1055 4448 1193 4497 reddamur.
1223 4448 1279 4495 Par.
