2910 4904
652 244 749 309 Foeta
769 243 974 310 Novembres.

460 410 643 488 Angelorum
657 412 757 468 concio
771 431 860 483 sacra,

501 493 541 548 Et
554 492 794 567 archangelorum
808 497 907 549 turma
919 491 1039 569 inclyta,

461 573 574 630 Nostra
587 573 703 629 diluant
713 572 777 648 jam
790 579 909 648 peccata

501 653 650 711 Poscendo
664 672 791 729 superna
804 653 868 709 caeli
880 654 994 729 gaudia.

461 734 515 804 Tu,
531 735 683 810 propheta,
699 753 800 810 praeco,
816 733 945 804 lucerna,

499 818 603 889 Atque
614 815 680 890 plus
695 834 783 889 quam
796 815 947 890 propheta,

461 896 499 952 Iu
514 895 613 952 lucida
626 915 680 951 nos
693 914 768 971 pone
782 896 831 952 via

502 976 674 1032 Emundans
687 981 788 1032 nostra
802 995 929 1052 corpora.

458 1055 670 1133 Apostolorum
678 1057 813 1132 princeps
827 1062 916 1133 atque
930 1063 1036 1115 cuncta
1045 1054 1169 1134 juncte*
1185 1061 1313 1129 caterva,

459 1137 481 1194 J
482 1157 530 1194 am
544 1138 697 1194 corrobora
706 1157 777 1194 vera
790 1138 823 1194 in
836 1137 970 1195 doctrina

502 1217 601 1274 Plebis
614 1225 739 1293 pectora.

459 1298 606 1373 Stephane
619 1297 752 1374 gloriose,
766 1298 891 1355 rutilans
904 1299 937 1355 in
950 1319 1065 1371 corona,

500 1379 732 1454 Sanctorumque
746 1385 911 1455 martyrum
924 1386 1022 1437 turma
1035 1380 1152 1454 valida3

459 1460 562 1516 Fortia
575 1460 643 1516 date
657 1460 750 1532 corda,
766 1479 885 1535 corpora
899 1461 1089 1536 atquefiima,

500 1540 588 1597 Sacra
602 1546 636 1596 ut
649 1540 765 1597 hostem
778 1540 901 1598 vincant
914 1543 973 1598 rite
986 1542 1108 1618 spicula.

460 1620 592 1677 Martiue
606 1621 716 1696 inclyte
730 1627 760 1678 et
773 1622 931 1696 praesulum
946 1623 1041 1679 omnis
1055 1629 1182 1696 caterva,

458 1701 578 1776 Suscipe
591 1721 670 1759 nunc
683 1702 733 1777 pia
742 1708 844 1759 nostra

500 1781 667 1839 Clementer
680 1789 806 1858 precata.

459 1862 575 1937 Regina
589 1863 737 1939 virgiuum
751 1864 950 1938 praemaxima,

499 1943 545 1998 Tu
559 1949 653 1999 mater
667 1963 697 2000 es
710 1944 888 2020 incorrupta,

501 2022 594 2099 Virgo
609 2029 639 2080 et
652 2025 782 2100 gravida,

460 2103 580 2160 Sacrata
593 2104 722 2161 Domino
736 2112 766 2161 et
780 2105 907 2178 castitas

499 2184 626 2241 Nostras
639 2205 723 2242 serva
736 2186 857 2256 animas,

498 2265 671 2341 Mundaque
685 2285 811 2342 corpora.
853 2265 1051 2328 clericorum
1064 2266 1233 2325 veneranda
1246 2264 1386 2344 suffragia

460 2345 660 2421 Omniumque
674 2353 842 2404 sanctorum
852 2348 1045 2406 contubernia

460 2426 519 2482 Per
531 2433 648 2502 precata
661 2428 778 2485 assidua

500 2507 612 2564 Nostra
624 2509 789 2584 gubernent
803 2514 944 2584 tempora,

460 2587 582 2663 Nosque
596 2589 705 2645 ducant
718 2589 756 2645 ad
769 2608 894 2664 superna

500 2668 640 2725 Polorum
652 2689 723 2726 vera
736 2670 849 2746 gaudia.
1204 2740 1207 2745 y

459 2749 646 2825 Subjungant
659 2751 742 2826 pium
756 2752 874 2826 agmina
886 2750 987 2808 Amen
1000 2750 1158 2827 redempta.

278 2854 476 2929 Evoacpelium.
520 2854 634 2912 Videns
648 2856 750 2912 turbas
763 2855 785 2912 J
787 2875 859 2913 esus.

279 2935 382 2993 Credo.

280 3015 471 3089 Offirtorium.
515 3016 670 3074 Mirabilis.

279 3096 398 3154 Secreta.
859 3161 861 3166 ¹

280 3176 408 3234 Munera
439 3176 504 3250 tibi,
532 3178 667 3249 Domine,
697 3183 805 3235 nostrae
832 3177 996 3235 devotionis
1023 3177 1182 3250 offerimus,
1209 3196 1276 3253 quae
1302 3184 1334 3235 et
1357 3194 1405 3253 pro

219 3264 392 3314 cunctorum
419 3258 477 3314 tibi
509 3264 594 3334 grata
625 3259 686 3315 sint
712 3259 823 3317 honore
849 3260 1008 3335 justorum,
1037 3264 1069 3316 et
1095 3259 1181 3316 nobis
1211 3258 1361 3329 salutarie,
1380 3262 1407 3315 u

220 3340 387 3410 miserante,
402 3338 571 3398 reddantur.
615 3339 681 3397 Per.

278 3418 456 3478 Coruncanio.
502 3419 635 3478 Gaudete
646 3421 731 3496 justi.

281 3501 522 3559 Postcomruuue'o.

280 3580 335 3651 Da,
351 3601 526 3657 quaesumus,
544 3581 681 3651 Domine,
696 3581 832 3639 fidelibus
843 3580 959 3657 populis
969 3580 1101 3638 omnium
1116 3584 1288 3638 sanctorum
1300 3594 1407 3657 semper

219 3663 408 3719 veneratione
421 3662 524 3732 laetari,
539 3669 569 3719 et
584 3682 686 3720 eorum
699 3668 841 3738 perpetua
855 3662 1068 3738 supplicatione
1081 3661 1201 3719 muniri.
1245 3661 1312 3719 Per.

504 3834 544 3892 Iu
563 3851 617 3891 nia
637 3836 823 3891 Amunsou.
867 3834 919 3912 (iv.
935 3833 967 3890 N
969 3853 1015 3892 on.
1032 3832 1125 3912 Nou.)

281 3937 420 4013 Officium.
464 3937 618 4014 Requiem.

282 4020 390 4077 Oratio.
434 4018 590 4076 Fidelium.

280 4100 412 4176 Jr'ptstola
425 4099 459 4176 (l
478 4100 570 4156 Thess.
586 4100 622 4156 iv.
640 4098 753 4175 12-17).

278 4181 427 4238 Nolumus
442 4200 491 4237 vos
505 4181 639 4256 ignorare
659 4200 749 4253 usquc
763 4181 804 4237 ud
822 4180 1013 4238 consolamini
1033 4179 1160 4237 invicem
1181 4180 1213 4237 in
1227 4179 1326 4239 verbis
1337 4176 1405 4247 isliu.

221 4262 260 4318 In
275 4262 394 4320 Christo
407 4262 429 4319 J
431 4281 481 4318 esu
496 4261 625 4318 Domino
639 4267 747 4319 nostre.

308 4382 321 4405 ⁴*
338 4380 480 4426 Om—Edd.
599 4378 926 4439 †luminu-El‹uta-um.
968 4380 1294 4425 Kourna-nonachorum.
