2910 4904
184 295 247 357 186
553 292 728 362 Orationes
745 313 811 378 pro
833 292 1016 379 Defuacta‘s.

181 459 332 517 offerimus
344 459 464 537 hostias,
480 466 516 518 ut
530 460 577 519 cui
591 460 757 538 pontificale
773 460 889 517 donasti
902 459 1052 531 meritum,
1067 460 1157 518 dones
1177 466 1209 517 et
1221 460 1383 537 praemium

183 540 242 597 Per
255 541 426 600 Dominum.

241 621 484 680 Poatcommuaio.

241 702 417 779 Propitiare,
434 703 571 774 Domine,
587 702 852 779 supplicationibus
875 701 985 759 nostris
1009 707 1040 760 et
1061 702 1193 761 animam
1213 703 1322 761 famuli
1340 703 1384 761 tui

181 781 309 861 episcopi
322 784 355 841 in
368 785 488 862 regione
501 785 639 842 vivorum
652 784 771 841 aeternis
783 783 899 860 gaudiis
907 783 1014 859 jubeas
1027 784 1140 841 sociari.
1184 783 1252 842 Per.

402 988 468 1048 Pno
489 990 648 1048 Er1soor1s
668 1006 706 1046 nr
727 989 957 1048 Sscsnnonnus
979 1005 1157 1048 onruucns.

243 1069 354 1128 Oratio.

241 1151 384 1222 Concede,
400 1170 575 1227 quaesumus,
587 1151 773 1226 omnipotens
786 1151 878 1220 Deus,
893 1150 1048 1207 animabus
1061 1149 1241 1208 famulorum
1256 1150 1382 1227 episcop

180 1251 266 1288 orum
284 1237 314 1289 et
333 1233 517 1290 sacerdotnm
535 1239 656 1289 tuorum
673 1231 824 1289 felicitatis
842 1239 959 1289 aeternae
977 1232 1168 1304 consortium,
1185 1232 1297 1308 quibus
1314 1232 1382 1289 don-

180 1313 238 1369 asti
252 1313 327 1370 sacri
341 1313 444 1370 altaris
457 1313 519 1370 tuis
533 1314 673 1389 consequi
686 1313 893 1370 ministerium.
937 1311 996 1369 Per
1008 1312 1182 1376 Dominum.

239 1393 361 1452 Secreto.

241 1474 370 1532 Munera
384 1474 449 1545 tibi,
466 1474 603 1547 Domine,
619 1474 744 1533 dicanda
762 1474 921 1546 sanctifica,
937 1479 967 1531 et
986 1473 1100 1531 animas
1116 1473 1300 1531 famulorum
1312 1474 1384 1551 epis

179 1575 319 1632 soporum
340 1575 373 1613 ac
394 1556 579 1614 sacerdotum
599 1563 721 1614 tuorum
741 1575 794 1631 per
811 1555 874 1612 haec
890 1556 928 1612 ab
945 1555 1027 1612 omni
1046 1554 1112 1612 labe
1130 1554 1269 1613 humanm
1287 1556 1383 1615 condi

178 1637 268 1694 tionis
283 1637 411 1709 absolve,
426 1638 534 1713 quibus
547 1638 640 1695 totius
653 1636 760 1694 mundi
772 1635 889 1694 diluisti
901 1640 1042 1713 peccata
1072 1635 1131 1693 Per
1144 1635 1318 1694 Dominum.

238 1718 481 1776 Postccmmuuio

239 1799 424 1869 Quaesumus,
443 1800 629 1876 omnipotens
647 1799 738 1869 Deus,
753 1803 789 1855 ut
806 1797 912 1854 animae
930 1796 1107 1855 famulorum
1127 1797 1333 1874 episcoporum
1348 1816 1382 1855 ac

178 1880 362 1937 sacerdotum
380 1887 500 1937 tuorum
520 1880 644 1938 caelestis
661 1880 764 1956 gratiae
782 1879 904 1956 praemia
924 1884 1152 1955 consequantur,
1171 1879 1282 1954 quibus
1299 1878 1382 1956 spiri-

178 1959 268 2017 tualis
281 1960 381 2036 gloriae
395 1980 519 2018 munera
532 1960 692 2018 contulisti.
736 1960 801 2017 Per.

549 2157 616 2215 Pro
638 2158 819 2215 Sscnnnorn
839 2174 1008 2216 nuruucro.

240 2237 350 2296 Oratio.

238 2319 433 2396 Omnipotens
454 2319 630 2396 sempiterne
654 2319 746 2392 Deus,
761 2320 810 2377 cui
833 2339 987 2395 nunquam
1009 2319 1074 2378 sine
1097 2339 1149 2397 spe
1172 2319 1381 2381 misericordia

177 2400 369 2476 supplicatur,
383 2401 544 2477 propitiare
565 2401 671 2458 animae
684 2401 789 2459 famuli
813 2402 860 2458 tui
881 2401 1048 2474 sacerdotis,
1062 2407 1098 2458 ut
1118 2401 1171 2478 qui
1191 2401 1229 2460 de
1248 2400 1305 2461 lito
1317 2402 1380 2461 vitu

175 2483 208 2538 in
231 2482 277 2539 tui
298 2481 428 2539 nominis
451 2481 632 2540 confessione
653 2483 785 2553 decessit,
807 2488 977 2540 sanctorum
996 2488 1117 2540 tuorum
1141 2500 1267 2541 numero
1289 2482 1380 2543 boin

175 2563 333 2640 aggregari.
378 2564 436 2621 Per
449 2563 621 2620 Dominum.

235 2643 356 2702 Secreto.

236 2726 411 2801 Propitiare,
426 2725 563 2797 Domine,
579 2725 686 2783 anima
699 2724 805 2783 famuli
819 2725 866 2783 tui
873 2726 1040 2799 sacerdotis,
1055 2744 1109 2802 pro
1123 2745 1182 2802 qua
1195 2724 1255 2783 tibi
1268 2726 1379 2785 hostius

174 2806 347 2880 placationis
367 2807 537 2878 offerimus,
557 2811 587 2863 et
601 2807 671 2883 quia
692 2807 725 2864 in
749 2807 803 2863 hac
817 2806 881 2864 luce
903 2807 936 2864 in
960 2807 1017 2864 fide
1038 2806 1149 2863 mansit
1168 2806 1333 2881 catholica,
1346 2807 1378 2865 in

174 2887 276 2944 futura
291 2887 353 2944 vita
366 2886 394 2944 ei
407 2887 565 2945 retributio
578 2888 761 2945 condonetur
774 2893 891 2946 aeterna.
936 2887 994 2945 Per
1008 2887 1180 2947 Dominum.

234 2968 477 3026 Postcommuaaio.

234 3048 355 3119 Praesta,
367 3068 542 3124 quaesumus,
554 3049 740 3126 omnipotens
752 3050 843 3120 Deus,
855 3056 891 3106 ut
901 3050 1030 3106 animam
1040 3048 1146 3107 famuli
1155 3048 1203 3106 tui
1217 3050 1377 3107 sacerdotis

174 3129 211 3185 ab
222 3129 333 3204 angelis
344 3129 418 3186 lucis
429 3137 593 3206 susceptam
603 3131 636 3187 in
646 3137 811 3208 praeparata
821 3130 990 3188 habitacula
1000 3130 1105 3188 deduci
1114 3129 1204 3188 facias
1213 3130 1375 3189 beatorum.

174 3210 232 3267 Per
246 3210 417 3268 Dominum.

661 3363 726 3421 Pro
751 3358 884 3422 anris.

235 3442 345 3502 Oratio.

233 3525 417 3597 Quaesumus,
444 3524 572 3582 Domine
593 3544 647 3601 pro
671 3531 724 3583 tua
746 3525 858 3603 pietate
881 3525 1018 3583 miserere
1041 3524 1147 3583 anima
1167 3524 1288 3584 mmulm
1308 3532 1375 3599 tue,

171 3611 201 3663 et
215 3626 233 3662 a
247 3607 389 3683 contagiis
402 3607 593 3663 mortalitatis
614 3612 736 3663 exutam
750 3607 782 3662 in
796 3612 913 3664 aeternae
927 3605 1099 3664 salvationis
1111 3612 1230 3683 partem
1243 3608 1374 3666 restitue.

172 3688 230 3744 Per
244 3686 408 3744 Dominum
422 3693 564 3744 nostrum.

231 3768 352 3827 Secreto.

232 3850 291 3907 His
320 3850 478 3921 sacrificiis,
509 3849 645 3920 Domine,
674 3849 774 3907 anima
801 3849 918 3907 famulae
946 3856 1005 3906 tute
1032 3870 1050 3906 a
1084 3848 1212 3926 peccatis
1239 3850 1374 3909 omnibus

171 3936 307 4003 curratur,
337 3932 401 3989 sine
429 3932 536 4008 quibus
557 3950 575 3986 a
602 3930 689 4006 culpa
715 3950 802 3987 nemo
829 3931 906 3988 liber
932 3931 1050 3988 exstitit
1062 3950 1071 4002 ;
1091 3935 1122 3987 et
1148 3949 1202 4006 per
1229 3930 1294 3989 haec
1321 3932 1373 4009 piu

170 4013 343 4087 placationis
357 4013 458 4086 officia,
473 4018 589 4089 praesta,
605 4019 640 4069 ut
653 4018 826 4088 perpetuam
841 4011 1070 4069 miscricordiam
1083 4018 1290 4087 consequatur.
1320 4012 1375 4069 Per

172 4094 341 4151 Dominum.
1253 4096 1256 4101 '

229 4174 472 4233 Postcommuaio.

230 4257 379 4328 Inveniat,
396 4275 572 4332 quaesumus,
590 4253 727 4324 Domine,
743 4254 842 4311 anima
862 4254 979 4311 famulae
1000 4261 1060 4311 tuae
1080 4253 1156 4311 lucis
1176 4259 1297 4313 aeternoe
1310 4274 1373 4313 con·

170 4338 302 4409 sortium,
318 4339 401 4413 cujus
415 4341 563 4414 perpetuae
586 4335 791 4392 misericordiae
806 4342 962 4394 consecuta
982 4341 1027 4393 est
1047 4342 1275 4394 sacramentum.
1318 4334 1372 4393 Per

170 4418 341 4474 Dominum.
