2910 4904
557 281 674 348 Prosae.
1152 286 1215 351 309
1244 348 1249 358 ,

99 451 217 509 Christo
238 469 290 526 per
303 449 388 506 saecla
407 449 536 526 pretiosa
550 448 665 506 cantica
684 468 766 506 sacra
779 467 849 506 voce
865 447 998 525 jubilant
1019 449 1165 508 indefessa
1184 457 1215 509 et

178 531 300 602 excelsa,

97 612 189 669 Alma
203 619 273 668 vota
286 611 479 687 rependentes
492 611 591 668 mente
604 629 712 668 cernua
725 631 759 668 ao
778 611 892 682 devota,

98 694 200 750 Clarus
213 693 282 750 odas
296 692 495 767 concrepando
509 711 579 749 voco
593 711 719 749 consona
732 692 899 749 laetabunda
913 711 946 749 ao
959 711 1083 751 sonora:

97 775 210 831 Nostra
225 793 289 850 quae
303 773 379 830 tibia
398 773 505 830 intima
518 779 549 830 et
562 773 676 830 modica
688 774 800 831 musica
813 779 915 831 cantat
934 774 1132 832 modulamina
1149 775 1213 851 jam

176 875 290 911 canora.

97 935 148 992 Illi
163 936 215 1011 qui
228 955 342 1011 supera,
357 935 451 992 infera
464 954 498 991 ac
511 935 608 991 media
621 954 728 1010 magna
740 934 886 1011 gubernat
896 936 1040 1012 sapientia
1050 956 1103 994 sua
1112 944 1213 995 saneta

175 1017 360 1084 veneranda3

95 1098 187 1173 Cujus
201 1096 356 1154 clementia
372 1095 457 1154 saecla
471 1095 602 1167 redemit,
619 1116 686 1153 oum
700 1101 794 1154 morte
807 1096 887 1154 vieta
900 1099 1031 1155 surrexit
1046 1099 1110 1174 jam
1123 1099 1212 1156 tertia

176 1178 223 1234 die
240 1178 317 1234 clara
330 1198 338 1250 ;

95 1258 153 1328 Sol,
168 1259 247 1329 luna,
264 1259 368 1328 sidera,
385 1277 503 1333 noxque
518 1257 638 1333 diesque
651 1278 668 1316 a
682 1278 741 1334 quo
754 1263 917 1336 regamtur;
938 1258 987 1316 oui
1000 1279 1081 1318 nunc
1095 1267 1126 1318 et
1138 1260 1214 1318 mili-

174 1346 242 1396 tant
255 1339 399 1396 elementa
413 1340 559 1396 universa.

95 1419 157 1496 Ipsi
172 1420 234 1477 sola
247 1420 390 1477 immensa

94 1501 216 1576 Semper
228 1507 317 1577 atque
331 1501 445 1557 excelsa

66 1644 69 1651 ,
95 1581 197 1639 Gloria
211 1583 250 1638 sit
260 1589 291 1639 et
304 1582 399 1638 honor
412 1582 533 1657 lausque
548 1587 667 1638 aeterna.
712 1613 713 1616 ¹

541 1763 678 1824 LXVII.

393 1888 432 1945 Iu
452 1889 600 1945 Vinonus
621 1889 828 1947 Fasrrvrrirn

151 2005 245 2062 Proso
259 2007 299 2062 od
312 2005 470 2080 Sequentia
483 2004 647 2063 Dulcedine
663 2006 806 2066 Paradisi.

151 2097 297 2171 Alleluya.

92 2191 201 2247 Lanos
223 2190 386 2248 Ouarsruu
407 2208 598 2249 nonunnnua
619 2190 750 2266 pulchra,

92 2272 151 2339 Qui
165 2281 276 2328 aeterna
290 2273 420 2347 virgines
434 2279 520 2328 ornat
533 2291 646 2329 corona

90 2351 225 2409 Pretiosa
237 2353 359 2410 oaelestis
372 2352 471 2429 gloriae
485 2353 562 2423 aula,

91 2432 156 2490 Ubi
166 2434 296 2508 jocunda
310 2435 431 2510 praemia
445 2452 550 2510 magna
565 2434 618 2490 lux
631 2434 734 2490 divina
746 2434 916 2506 ministrat3

92 2513 156 2570 Ubi
171 2533 230 2588 pax
244 2522 354 2585 sancta,
368 2516 475 2572 caritas
488 2522 519 2571 et
533 2515 669 2590 perfecta,
684 2515 766 2591 plebs
780 2522 811 2573 et
824 2535 913 2573 aurea
925 2520 1031 2572 vernat
1039 2535 1048 2586 ;

90 2594 155 2651 Ubi
170 2594 231 2651 dies
245 2596 308 2652 sine
321 2603 407 2652 nocte
421 2601 562 2672 perpetua
575 2596 680 2653 rutilat
693 2616 701 2668 ;

89 2675 155 2732 Ubi
169 2675 233 2733 vita
246 2678 356 2752 absque
369 2686 472 2747 morte,
484 2677 628 2751 juventus
642 2677 705 2734 sine
720 2678 821 2734 morbo
834 2677 963 2754 pullulat
980 2696 1103 2735 amoena
1117 2698 1127 2751 3

89 2753 154 2813 Ubi
169 2757 263 2813 millia
277 2758 449 2833 angelorum
462 2758 581 2834 agmina
594 2758 745 2815 dulcisona

90 2836 207 2894 Laudes
220 2839 360 2914 jubilant,

91 2918 225 2990 Sanctus,
243 2920 375 2989 Sanctus,
394 2919 518 2976 Sanctus
532 2919 669 2976 alacriter
682 2919 841 2978 clamantia
853 2939 907 2996 per
919 2919 1023 2992 saecla3

90 2998 155 3056 Ubi
169 3001 272 3075 plateae
286 3021 357 3057 auro
370 3001 453 3057 fulvo
467 3007 634 3072 coruscant3

90 3079 154 3137 Ubi
169 3082 303 3138 miranda
316 3082 424 3138 moenia
437 3082 573 3157 pretiosis
586 3081 710 3157 gemmis
723 3088 849 3158 surgimt
862 3087 1020 3153 extructa;

88 3161 153 3219 Ubi
165 3164 248 3239 virgo
262 3163 306 3237 cuj
313 3183 345 3219 us
359 3163 420 3220 dies
433 3164 495 3220 haee
509 3168 553 3219 est
566 3163 716 3220 sollemnis
728 3163 828 3220 laurea
841 3162 934 3240 fulget
947 3162 1073 3238 gloriosa
1086 3184 1093 3221 :

88 3243 181 3318 Cujus
194 3263 248 3302 nos
262 3244 400 3321 suffragia
414 3243 484 3300 illuc
498 3245 666 3321 perducant.

528 3427 682 3484 LXVIII.

65 3559 161 3616 Prono
174 3560 214 3615 ad
227 3558 381 3632 Sequentia
396 3557 510 3613 Sealam
524 3556 562 3613 ad
575 3556 667 3613 caelos.

42 3674 129 3713 lALAM
151 3674 192 3713 an
214 3673 311 3713 unios
332 3672 508 3713 sunnaerau
529 3655 685 3712 tormentis
698 3655 833 3729 cinctam,

42 3740 102 3814 rjus
115 3739 176 3794 ima
191 3738 277 3794 draco
291 3757 406 3794 servare
421 3744 523 3793 cautus
537 3736 675 3813 invigilat
686 3737 807 3812 jugiter,

42 3839 56 3876 e
70 3819 137 3894 quis
151 3821 215 3894 ejus
230 3818 276 3874 vel
292 3818 419 3892 primum
433 3817 556 3891 gradum
570 3818 662 3892 possit
677 3818 824 3874 insaueius
834 3819 971 3877 scandere
983 3839 990 3890 ;

42 3902 101 3976 rjus
115 3919 251 3956 ascensus
266 3906 398 3955 extracto
413 3898 554 3974 AEthiops
567 3898 665 3972 gladio
680 3904 763 3955 vetat
776 3899 902 3956 exitium
917 3901 1057 3957 minitans
1069 3920 1078 3972 ;

42 3978 277 4057 rjus-supremis*
291 3980 413 4036 innixus
423 3980 543 4054 juvenis
557 3979 728 4054 splendidus
741 3999 856 4037 ramum
870 3981 1021 4038 aureolum
1031 3980 1154 4040 retinet:

42 4082 94 4119 auc
116 4081 185 4135 ergo
210 4061 316 4118 scalam
339 4062 381 4116 ita
406 4060 518 4116 Christi
538 4079 620 4116 amor
642 4060 760 4118 seminis
780 4061 850 4119 fecit
870 4062 1011 4139 perviam,
1026 4067 1062 4119 ut
1081 4061 1206 4119 dmoono

86 4143 255 4200 conculcato
270 4149 300 4198 et
313 4141 454 4216 AEtlropis
467 4140 564 4216 gladio
578 4141 704 4198 transito

42 4244 164 4282 eromne
184 4243 276 4298 genus
298 4229 512 4279 tormentorum
536 4222 600 4278 caeli
623 4223 735 4298 apicem
755 4229 866 4299 queant
888 4242 990 4300 capere
1012 4223 1097 4282 etde
1116 4243 1206 4282 manu

84 4304 279 4362 confortantis
293 4303 368 4380 regis
382 4322 501 4360 auream
514 4302 645 4360 lauream
657 4322 779 4362 sumere.

482 4429 495 4454 '
510 4429 723 4490 MS.-supornus.
