2910 4904
642 294 765 360 Prosae.

190 465 310 541 Angeli,
326 463 515 540 Archangeli,
531 482 583 520 vos
597 463 681 519 decet
692 462 758 519 laus
770 465 860 538 atque
874 459 978 522 honor.

192 547 318 604 Ordines
332 546 441 602 noveni
454 544 614 620 spirituum
628 544 790 614 beatorum,

192 628 272 697 Quos
286 627 319 683 in
332 625 391 683 Dei
405 625 540 682 laudibus
554 624 687 681 firmavit
700 623 817 695 caritas,

190 707 255 765 Nos
268 706 387 784 fragiles
400 707 533 763 homines
546 706 662 762 firmate
675 705 828 781 precibus:

190 789 255 846 Nos
269 788 417 865 spiritales
430 787 593 863 pravitates
606 792 705 843 vestro
714 785 871 862 juvamine
884 784 1037 842 vincentes
1049 782 1169 839 fortiter
1201 820 1204 825 -

189 869 280 927 Nunc
294 876 325 926 et
338 869 371 925 in
385 889 483 925 aevum
495 868 602 925 vestris
616 867 709 924 simus
722 866 805 943 digni
818 864 978 923 sollemniis
988 864 1128 922 interesse
1141 863 1240 921 sacris.

190 951 254 1007 Vos
268 969 342 1026 quos
356 950 415 1007 Dei
426 950 524 1031 gratia
536 948 654 1006 vincere
668 956 765 1006 terrea

192 1032 233 1088 Et
246 1030 357 1107 angelis
372 1031 464 1087 socios
477 1030 547 1087 fecit
561 1049 622 1086 esse
636 1029 711 1106 polo.

190 1113 254 1171 Vos
268 1112 453 1188 patriarchae,
466 1111 625 1187 prophetae,
640 1109 775 1187 apostoli,
790 1109 983 1180 confessores,
996 1114 1149 1185 martyres,
1164 1107 1311 1183 monachi,

272 1212 320 1249 vir
340 1212 402 1249 ines

190 1273 232 1330 Et
245 1213 404 1330 vidudrum
418 1279 536 1330 caterva
550 1272 709 1348 omniaque
723 1270 851 1329 caelestia
863 1271 995 1341 numina,
1011 1276 1160 1328 consortes
1172 1269 1271 1328 caelica

191 1355 293 1412 Facito
306 1354 339 1411 in
353 1355 422 1412 aula
435 1374 497 1426 nos,
513 1361 548 1409 ut
563 1354 731 1429 peremniter

191 1435 313 1507 Foveat,
328 1441 474 1512 protegat,
485 1435 584 1511 jubila
598 1454 665 1492 cum
679 1433 787 1510 quibus
795 1452 959 1510 pangamus
969 1431 1055 1490 modo
1069 1438 1099 1490 et
1114 1451 1167 1510 per
1179 1438 1312 1509 tempora

273 1521 388 1580 cuncta.

661 1650 767 1711 LXII.

330 1777 426 1834 Proso
439 1777 480 1833 od
494 1775 651 1852 Sequentia
666 1776 791 1832 Tractus
805 1774 950 1833 Consona.

331 1869 480 1945 Alleluya.

273 1968 418 2026 consona
438 1964 578 2025 caranus
592 1984 772 2026 annuamus
786 1968 861 2025 sacri
873 1974 1031 2026 concentus
1045 1986 1181 2037 cumana,

273 2048 406 2106 Modulis
420 2048 556 2106 dulcibus
570 2056 676 2124 arguta
690 2049 770 2106 vocis
784 2068 895 2126 organa
907 2049 1066 2121 declarans,

272 2129 501 2206 Praepollentem
515 2128 614 2205 regem
628 2130 741 2206 inclyta
754 2130 840 2187 laude
851 2129 955 2188 saluta

271 2210 452 2286 Hymnifera
466 2229 537 2267 voce
551 2211 698 2286 inquiens,
715 2210 811 2282 Salve,
823 2211 962 2286 majestas

272 2291 405 2362 Excelsa,
422 2292 475 2366 qui
489 2297 586 2348 creata
601 2291 700 2347 omnia
710 2310 763 2366 per
776 2291 893 2348 diutina
906 2291 983 2367 regis
996 2290 1088 2350 saecla.

272 2371 396 2429 Maneat
409 2372 563 2430 benedicta
576 2391 610 2429 ac
619 2392 734 2448 semper
747 2371 905 2428 ineffabilis
918 2373 1015 2429 virtus
1027 2377 1088 2429 tua.

271 2452 314 2510 Et
327 2452 434 2510 leniter
448 2452 580 2510 lambens
593 2453 663 2510 fidei
676 2453 802 2529 vestigia
815 2459 939 2525 sacrata,

271 2533 475 2591 Lacrimarum
488 2534 562 2591 fusis
575 2534 711 2610 precibus
722 2533 908 2591 clementiam
920 2553 1017 2593 exora
1038 2547 1040 2552 '

274 2615 342 2685 Quo
355 2616 481 2672 crimina
494 2617 643 2697 abstergat
657 2615 785 2673 clemens
797 2621 858 2672 tua.

649 2809 774 2868 LXIII.

375 2917 471 2974 ‚Proser
485 2917 525 2973 ad
538 2915 694 2992 Seqcccrctio
708 2917 815 2976 Buces.

372 3006 519 3085 Alleluya.

309 3087 360 3153 An
381 3106 419 3146 rs
439 3106 580 3148 rutenus
600 3107 744 3149 crunam
762 3090 939 3168 hymnisona

310 3167 441 3227 Tinnula
454 3191 521 3228 cum
534 3171 629 3246 gloria

308 3248 455 3323 Ecclesiae,
471 3252 496 3309 Ο
512 3252 630 3314 Christe
644 3251 784 3325 Trinitas,

308 3330 473 3389 Dulcibiles
486 3333 528 3390 sic
541 3353 628 3391 voces
641 3334 789 3392 emittant.

306 3411 421 3473 Nostra
434 3413 636 3476 modulamina
648 3414 783 3490 placeant
797 3422 917 3493 accepta

307 3491 386 3564 Tibi,
397 3513 452 3550 rex
466 3494 523 3569 pie,
537 3500 678 3571 tympana
691 3514 779 3573 quem
792 3496 917 3555 laudant
930 3517 1064 3573 superna,

309 3572 388 3631 (lum
400 3574 550 3632 Cherubin
565 3575 776 3652 seraphimque
790 3577 897 3652 gaudia
910 3597 1016 3637 canora
1027 3600 1035 3652 ;

306 3653 349 3714 Ru
361 3654 438 3712 dona
451 3674 505 3712 nos
519 3656 672 3715 modulare
684 3657 782 3732 caelica
795 3658 828 3714 in
841 3658 910 3719 aula
922 3657 1020 3718 Amen
1034 3680 1087 3737 per
1100 3661 1192 3719 saecla

649 3840 767 3900 LXIV.

412 3920 508 3979 Prose
521 3922 563 3979 cd
573 3921 731 3998 Sequentia
743 3924 837 4001 Vaga.

410 4012 562 4089 Alleluya.

345 4093 449 4152 Auum
467 4112 566 4152 cumn
586 4112 647 4154 nux
666 4112 782 4169 sunna,

347 4174 504 4233 Celebrant
518 4196 645 4252 superna
657 4178 778 4254 pulchre
791 4198 881 4255 quam
894 4179 1020 4258 agmina,

292 4292 293 4295 =
345 4255 454 4313 Omnia
467 4257 614 4315 resultant
626 4258 707 4317 orbis
719 4265 750 4316 et
763 4259 884 4318 climata
897 4280 906 4319 z

340 4334 436 4400 Sacra
448 4344 521 4395 vota
532 4358 597 4415 quae
611 4338 707 4396 defert
719 4346 772 4398 tua
785 4347 902 4398 caterva
915 4340 1027 4421 inclyta

344 4407 451 4485 Gloria
463 4437 518 4494 pto
530 4426 584 4483 tua
596 4440 668 4484 aute
680 4419 802 4480 intende
817 4421 940 4498 placida
