2910 4904
591 293 734 358 ceratem
756 294 796 357 M
799 293 878 359 issae.
1272 299 1334 360 225

128 525 294 585 Iucrrruur
315 523 466 582 Gaurana
489 524 703 582 Oassavmnn
730 542 808 593 oum
828 542 979 584 acernen
1000 542 1047 583 s1r
1067 542 1158 583 011101
1178 542 1333 584 carneres

209 638 269 678 vnn
300 637 391 678 casus
416 637 471 688 our
497 637 583 678 orum
612 637 744 678 rossum
773 637 807 678 m
838 620 948 692 Missi,
975 639 1013 679 nr
1039 638 1217 680 ransnnrm
1242 638 1333 679 cruca

211 719 488 777 Oonsnonurronnu
510 719 740 777 Eucunarsrnn.

190 866 302 937 Primo,
319 865 391 940 quid
404 865 444 922 sit
458 866 606 941 agendum
619 885 685 921 cum
697 865 830 922 sacerdos
844 865 972 924 deficiat.

191 947 224 1004 Si
238 947 371 1004 sacerdos
384 946 502 1003 deficiat
519 946 581 1003 sive
599 946 743 1004 moriatur
756 951 826 1003 ante
841 945 1000 1017 (larionem,
1013 966 1075 1004 11011
1096 954 1141 1004 cst
1162 966 1277 1004 necesse
1297 953 1333 1004 ut
1352 945 1354 948 ⁴

127 1028 205 1085 alius
219 1027 338 1084 missam
355 1027 506 1103 compleat.
551 1027 582 1083 Si
603 1033 704 1084 tamen
725 1026 800 1084 alius
821 1027 888 1084 vult
911 1026 1063 1100 celebrare,
1079 1027 1167 1085 debet
1188 1028 1225 1084 ab
1246 1027 1334 1086 initio

129 1113 249 1165 missum
263 1108 430 1184 reincipere,
442 1115 473 1164 et
486 1113 583 1164 totum
597 1109 656 1165 rite
675 1127 820 1185 peragere.

190 1191 223 1247 Si
238 1194 337 1246 autem
350 1190 383 1246 in
408 1189 525 1246 Oenone
540 1189 664 1261 deficiat,
680 1189 765 1246 factis
774 1190 838 1265 jam
859 1188 1008 1266 aliquibus
1028 1188 1127 1266 signis,
1150 1195 1251 1246 tamen
1264 1195 1333 1247 ante

128 1270 475 1328 transubstantiationem
496 1277 526 1326 et
546 1271 794 1327 consecrationem
814 1270 1009 1327 sacramenti:
1026 1274 1099 1327 tunc
1113 1270 1189 1327 alius
1203 1271 1334 1328 sacerdos

130 1353 168 1409 ab
189 1351 242 1408 illc
263 1351 326 1408 loeo
340 1351 392 1407 ubi
412 1350 463 1408 ille
483 1350 595 1407 dimisit
615 1351 703 1408 debet
723 1351 892 1428 reincipere,
915 1357 945 1409 et
965 1356 1083 1408 tantum
1103 1350 1179 1407 illud
1199 1351 1334 1427 supplere

131 1433 211 1508 quod
225 1432 365 1489 omissum
379 1438 431 1489 est.

192 1513 226 1570 Si
238 1518 339 1570 autem
352 1513 483 1570 sacerdos
496 1513 529 1570 in
543 1519 610 1570 actu
625 1512 850 1571 consecrationis
863 1512 988 1584 deficiat,
999 1512 1098 1570 verbis
1111 1512 1260 1589 aliquibus
1269 1512 1282 1588 j

128 1595 161 1651 in
175 1601 261 1670 parte
270 1594 393 1670 prolatis
407 1594 504 1651 sedin
516 1599 581 1650 toto
594 1613 655 1650 non
668 1594 819 1669 completis
825 1614 834 1666 3
848 1593 1008 1651 secundum
1022 1593 1241 1665 Innocentium,
1255 1593 1332 1652 alius

129 1676 264 1733 sacerdos
278 1675 365 1732 debet
378 1675 506 1751 incipere
520 1675 558 1731 ab
571 1675 623 1732 illo
636 1675 700 1732 loco
716 1674 776 1744 Qui
783 1674 890 1750 pridie

192 1756 225 1813 Si
248 1763 348 1812 tamen
363 1755 511 1827 sacerdos,
536 1755 660 1828 deficiat,
685 1762 852 1812 consecrato
876 1775 995 1832 corpore
1019 1755 1153 1813 sednon
1173 1755 1333 1832 sanguine3

128 1837 206 1894 alius
219 1836 352 1893 sacerdos
372 1837 515 1914 compleat
535 1836 783 1894 consecrationem
803 1837 961 1914 sanguinis,
977 1835 1120 1913 incipiens
1140 1836 1178 1895 ab
1198 1836 1250 1894 illo
1270 1835 1333 1894 loco

129 1917 233 1976 Simili
245 1919 337 1975 mode.

195 1998 235 2070 Si,
256 2003 425 2056 consecrato
447 2018 575 2074 corpore,
596 1999 738 2075 percipiat
758 1998 864 2056 vinum
885 2018 947 2055 11011
970 2017 1032 2056 esse
1054 1998 1088 2054 in
1109 1998 1198 2056 calice
1209 2018 1217 2070 3
1248 1998 1335 2056 debet

130 2080 230 2137 hostia
250 2079 360 2136 mundo
381 2079 484 2155 reponi
504 2081 536 2136 in
557 2080 708 2155 corporali,
724 2086 762 2152 et,
778 2080 867 2137 calice
888 2080 946 2136 rite
966 2086 1139 2155 praeparato,
1153 2078 1277 2156 incipiat
1297 2079 1334 2135 ab

130 2161 183 2219 illo
197 2157 262 2217 loco
274 2159 376 2217 Simili
385 2161 476 2217 niodo.

193 2241 225 2298 Si
239 2247 308 2298 ante
321 2241 568 2298 consecrationem
581 2241 732 2318 sanguinis
745 2241 889 2318 percipiat
908 2260 1016 2318 aquam
1038 2260 1101 2298 non
1114 2260 1174 2298 esse
1188 2241 1221 2298 in
1234 2240 1331 2313 calice,

131 2322 219 2380 debet
232 2323 334 2378 statim
347 2341 492 2398 apponere
506 2328 537 2378 et
550 2322 697 2379 conficere.

192 2403 225 2460 si
239 2409 339 2461 autem
352 2410 419 2478 post
432 2403 679 2460 consecrationem
692 2403 842 2479 sanguinis
855 2401 999 2480 percipiat
1018 2402 1097 2478 quod
1117 2421 1193 2479 aqua
1205 2402 1283 2460 desit
1302 2402 1335 2459 in

129 2483 240 2555 calice3
260 2483 348 2540 debet
372 2483 564 2540 nihilominus
594 2484 756 2559 procedere,
785 2504 840 2541 nec
874 2483 961 2541 debet
987 2483 1108 2540 miscere
1135 2502 1242 2558 aquam
1267 2503 1334 2541 cum

130 2566 284 2641 sanguine,
300 2565 370 2641 quia
384 2584 436 2640 pro
450 2572 534 2640 parte
555 2573 727 2640 sequeretur
747 2564 896 2640 corruptio
917 2564 1112 2635 sacramenti3
1131 2564 1221 2621 debet
1234 2570 1335 2621 tamen

132 2646 266 2704 sacerdos
280 2646 382 2721 prmiri
395 2652 425 2702 et
436 2646 540 2702 dolere.

194 2726 228 2783 Si
249 2733 315 2802 post
335 2727 582 2784 consecrationem
602 2727 753 2802 sanguinis
774 2726 917 2802 percipiat
939 2725 1018 2801 quod
1040 2725 1146 2782 vinum
1164 2745 1224 2784 non
1245 2725 1335 2783 fuerit

131 2807 263 2883 positum
287 2807 338 2864 sed
361 2827 438 2882 aqua
461 2813 580 2863 tantum
603 2809 635 2864 in
648 2809 753 2879 calice,
774 2808 919 2883 siquidem
941 2806 996 2864 hoe
1010 2807 1135 2883 percipit
1148 2812 1218 2864 ante
1239 2825 1335 2883 sump

131 2889 245 2946 tionem
265 2889 401 2965 corporis,
416 2888 503 2945 debet
523 2908 631 2963 aquam
651 2888 802 2963 deponere,
819 2896 849 2944 et
868 2888 1020 2965 imponere
1036 2887 1140 2944 vinum
1160 2907 1228 2945 cum
1248 2907 1334 2964 aqua,

130 2976 163 3027 et
177 2989 324 3026 resumere
338 2970 585 3026 consecrationem
598 2970 749 3044 sanguinis
763 2970 800 3025 ab
814 2969 865 3026 illo
876 2968 939 3026 loco
952 2967 1053 3026 Simili
1065 2970 1157 3026 mode.
1298 2968 1301 2973 ’

196 3050 228 3106 Si
242 3050 384 3126 percipiat
397 3049 452 3106 hoc
476 3058 542 3125 post
565 3050 763 3125 sumptionem
776 3049 914 3126 corporis,
930 3048 1018 3106 debet
1041 3068 1186 3126 apponere
1208 3049 1244 3107 de
1258 3069 1335 3107 novo

132 3131 223 3189 aliam
243 3131 369 3188 hostiam
389 3131 498 3187 iterum
518 3150 585 3187 cum
605 3131 746 3206 sanguine
767 3129 999 3201 consecrandam,
1022 3129 1184 3188 secundum
1203 3130 1336 3188 doctores

132 3212 167 3268 in
180 3231 262 3268 sacra
275 3213 399 3288 pagina3
420 3212 507 3268 debet
520 3218 620 3268 autem
635 3231 780 3268 resumere
800 3213 891 3269 verba
910 3211 1136 3268 consecrationis
1157 3211 1259 3269 abillo
1274 3212 1336 3268 loco

135 3293 196 3362 Qut·
203 3293 304 3368 pridie
315 3315 327 3362 ,·
347 3293 379 3350 in
400 3294 458 3350 fine
478 3299 578 3350 autem
601 3293 710 3348 iterum
733 3292 820 3349 debet
841 3311 955 3349 sumere
979 3292 1105 3349 hostiam
1127 3291 1209 3349 illam
1230 3292 1336 3349 ultimo

133 3381 340 3445 consecratam,
354 3394 413 3431 11011
433 3375 569 3430 obstante
587 3374 613 3429 si
631 3374 712 3448 prius
730 3373 863 3448 sumpsit,
886 3379 917 3429 et
937 3373 1027 3430 etiam
1047 3372 1133 3430 illum
1153 3373 1333 3450 sanguinem

134 3455 328 3512 Innocentius
342 3462 442 3512 tamen
456 3455 538 3526 dicit,
553 3454 631 3530 quod
652 3454 678 3510 si
698 3474 736 3511 ex
751 3453 972 3530 prolongatione
990 3454 1122 3511 sacerdos
1136 3456 1224 3511 timet
1237 3454 1336 3512 scand-

132 3536 224 3607 alum,
239 3537 317 3611 quod
342 3536 491 3594 sufficiunt
504 3541 623 3592 tantum
647 3535 699 3591 illa
720 3535 810 3591 verba
833 3554 886 3610 per
907 3553 972 3610 quae
996 3540 1184 3592 consecratur
1206 3535 1333 3612 sanguis,

132 3618 246 3674 scilicet
256 3616 355 3676 Simili
367 3618 460 3689 mode,
475 3622 505 3673 et
519 3616 560 3673 sic
574 3635 687 3672 sumere
701 3617 882 3691 sauguinem.

197 3698 277 3766 Quid
290 3704 389 3754 autem
410 3698 497 3753 faciet
518 3717 584 3753 cum
605 3716 712 3772 aquam
732 3703 850 3772 sumpto
871 3715 990 3772 corpore
1009 3697 1071 3774 jam
1085 3697 1174 3754 habet
1187 3697 1220 3754 in
1234 3716 1291 3766 ore,
1306 3703 1336 3754 et

128 3781 195 3855 jam
209 3779 304 3853 primo
317 3779 409 3835 sentit
423 3778 499 3853 quod
521 3778 560 3833 sit
582 3785 802 3853 aqua—utrum
823 3777 928 3835 debeat
948 3797 1013 3834 eam
1033 3777 1177 3854 deglutire
1191 3777 1239 3835 vel
1253 3778 1337 3835 emit-

134 3870 197 3916 tere
210 3881 215 3915 :
231 3860 346 3935 require
359 3861 392 3915 in
406 3859 527 3916 Summa
538 3858 707 3915 Hostiensis
718 3859 750 3914 in
764 3858 854 3915 titulo
870 3864 887 3890 “
898 3859 935 3915 de
948 3859 1143 3916 celebratione
1151 3858 1335 3916 Missururu‚”

135 3940 243 3996 Tutius
261 3947 361 3996 tamen
381 3946 426 3996 est
446 3949 511 3996 eam
532 3939 675 4015 deglutire
696 3959 784 4014 quam
803 3940 937 3997 emittere
947 3960 955 4011 3
977 3946 1007 3996 et
1027 3939 1082 3997 hoc
1100 3941 1216 3998 ideone
1237 3939 1337 4015 aliqua

134 4020 280 4097 particula
293 4021 420 4096 corporis
433 4040 499 4077 cum
511 4040 587 4096 aqua
600 4026 693 4077 exeat.

196 4101 276 4158 Item
290 4100 314 4157 si
328 4101 458 4158 sacerdos
472 4107 539 4177 post
549 4100 794 4158 consecrationem
815 4101 984 4159 recordetur
997 4121 1027 4158 se
1044 4121 1105 4158 non
1120 4119 1180 4158 esse
1190 4102 1335 4176 jejunum,

138 4179 199 4262 [vel
222 4182 398 4238 commisisse
422 4182 541 4257 aliquod
563 4191 725 4259 peccatum,
750 4179 811 4263 vel]
834 4202 894 4240 esse
915 4183 1202 4239 excommunicatum
1213 4200 1221 4252 3
1251 4181 1338 4238 debet

135 4262 330 4320 nihilominus
356 4264 519 4339 procedere,
556 4282 623 4320 cum
653 4263 803 4339 proposito
833 4263 1032 4321 satisfaciendi
1062 4269 1093 4320 et
1123 4261 1334 4319 absolutionem

136 4343 324 4420 impetrandi

198 4424 231 4481 Si
252 4430 352 4482 autem
376 4431 446 4483 ante
470 4425 717 4484 consecrationem
739 4423 909 4485 recordetur
929 4442 980 4500 prs
1021 4429 1138 4483 ‚riorum
1149 4442 1158 4496 3
1178 4422 1274 4482 tutius
1294 4431 1339 4483 est

179 4521 248 4562 VOL.
264 4521 298 4562 11.
628 4566 630 4570 ,
732 4522 752 4567 Q
