2910 4904
152 292 170 351 2
590 289 686 354 Festa
708 290 909 354 Novembris

149 454 304 525 deleniri
322 453 420 529 fuerit
440 455 605 526 Dominiea,
631 457 703 530 quia
732 465 801 513 tune
828 457 960 513 dicetur:
992 457 1139 533 Alleluya.
1190 459 1219 516 l'.
1241 459 1261 516 J
1265 465 1350 516 ustus

150 555 209 591 non
228 537 461 607 conturbabitur,
476 536 537 593 aine
554 537 716 612 repetitione
739 536 884 596 Gredutia.
928 538 968 594 Et
989 541 1151 596 notandum
1172 541 1250 613 quod
1268 561 1350 613 qene-

150 617 252 673 ratiter
271 636 326 690 per
350 626 441 673 totam
458 638 581 689 erenum,
600 618 718 692 quando
743 618 994 693 replicataque
1014 618 1116 676 Sancti
1137 621 1171 676 in
1191 621 1350 677 Dominiea

151 698 306 771 centiqerit
323 699 434 755 dicetur
448 698 489 755 ad
507 698 632 755 Missam
653 699 686 755 de
713 699 819 770 Viqiiia
842 698 943 755 Gloria
963 700 996 754 in
1010 700 1131 757 excelsis
1145 710 1171 758 et
1184 701 1348 776 Alleluya;

150 777 201 833 sed
213 779 274 835 sine
287 778 443 854 Sequentia
452 801 464 848 ,'
478 780 550 853 quia
564 799 718 853 nunquam
732 779 841 836 dieitur
851 780 1006 854 Sequentia
1018 781 1059 837 ad
1070 782 1196 838 Mismm
1204 782 1237 838 in
1248 782 1351 856 utique

156 859 270 932 repitit,
286 861 346 917 vviri
364 861 399 916 in
426 860 533 933 Vipitie
553 860 728 916 Natiuitatis
738 860 870 929 Domini,
885 861 953 917 siin
963 861 1120 918 Dominica
1134 863 1261 933 evenerit,
1277 863 1350 936 quia

150 939 244 1013 mcejor
258 940 352 998 Missa
367 941 408 999 ibi
428 942 481 998 erit
501 942 535 997 de
556 940 685 1014 thittm
706 950 732 998 et
753 949 822 998 terne
841 941 953 998 dicetur
972 941 1128 1016 Sequentia
1140 943 1289 1018 pertinens
1309 945 1351 1000 ae

150 1021 337 1079 Dorm'nicum
351 1045 416 1081 cum
432 1022 525 1079 Gredo
539 1030 564 1078 et
579 1022 635 1092 Ite,
651 1022 740 1078 missa
753 1029 806 1094 est,
822 1023 848 1078 ei
863 1031 973 1097 tempus
981 1023 1174 1097 poenitenter*
1390 1019 1392 1029 '

209 1120 376 1178 Secundum
389 1120 416 1176 J
414 1122 556 1178 olvennem
569 1119 606 1196 (i.
624 1119 739 1195 35-51).

210 1200 248 1255 In
261 1200 312 1258 illo
326 1208 467 1278 tempore,
482 1201 586 1259 Stabat
599 1201 620 1258 J
622 1200 760 1272 ohannes,
776 1206 806 1258 et
827 1219 864 1256 ex
885 1200 1036 1277 discipulis
1050 1203 1113 1277 ejus
1127 1203 1185 1259 dno
1206 1223 1295 1276 usque
1309 1203 1351 1260 ed

148 1280 355 1339 descendentes
365 1303 452 1359 super
467 1283 577 1338 Filium
591 1281 726 1337 hominis,

210 1360 400 1434 Offirterium.
445 1363 546 1420 Gloria
560 1369 590 1419 et
603 1363 720 1419 honore.

208 1442 327 1502 Secreta.

169 1522 170 1525 ’
210 1524 390 1581 Sacrandum
412 1526 477 1594 tibi,
500 1525 627 1581 Domine
651 1543 758 1580 munus
782 1523 939 1594 offerimus
959 1544 1017 1599 quo
1042 1525 1120 1580 beati
1144 1524 1272 1581 Andreae
1296 1526 1350 1583 sol-

148 1603 677 1681 lemniarecolentespurificationem
691 1624 806 1680 quoque
819 1606 928 1661 nostris
942 1605 1090 1662 mentibus
1104 1606 1302 1681 imploramus.

209 1684 279 1741 atie
293 1687 413 1744 Secreta.

210 1765 345 1831 Munera,
364 1769 428 1837 tibi,
454 1767 589 1836 Domine,
612 1766 710 1822 dicata
734 1766 891 1834 sanctifica,
913 1773 943 1822 et
970 1766 1169 1824 intercedente
1192 1768 1276 1823 beato
1299 1769 1348 1824 Sa-

149 1848 270 1904 turnino
285 1854 415 1924 martyre
429 1855 490 1917 tuo,
506 1848 669 1922 peneadem
679 1866 733 1903 uos
746 1847 878 1921 placatus
892 1847 1019 1906 intende.
1064 1847 1121 1904 Per
1136 1849 1305 1906 Dominum.

209 1928 351 2003 l’rcrfetio
365 1930 534 1997 eonnnunis,
550 1928 624 1984 sieut
642 1928 676 1983 in
694 1927 818 2002 cinqutis
839 1927 960 2002 thtttts,
971 1937 1168 2003 praeterquam
1184 1930 1218 1985 in
1244 1929 1348 2002 l'iqilie

148 2008 274 2067 Pescen.

210 2089 391 2146 (Jorrvmunie.

208 2170 291 2227 Dicit
310 2171 449 2227 Andreas
470 2170 582 2227 Simoni
603 2169 688 2225 fratri
709 2190 768 2226 suo.
813 2170 986 2226 Invenimus
1007 2170 1147 2228 Messinm
1169 2172 1221 2247 qui
1241 2173 1350 2229 dicitur

149 2250 285 2307 Christus
299 2273 304 2308 :
326 2257 356 2308 et
370 2252 496 2308 adduxit
509 2271 577 2308 eum
591 2250 629 2306 ad
642 2251 663 2307 J
665 2270 754 2306 esum.

208 2332 449 2389 I’esteommunio

209 2412 368 2488 PereeptiS,
384 2414 520 2485 Domine,
536 2412 725 2469 sacramentis
739 2411 910 2488 suppliciter
924 2432 1087 2482 exoramus,
1103 2421 1138 2470 ut
1151 2414 1349 2472 intercedente

148 2494 233 2550 beato
247 2495 370 2551 Andrea
383 2494 513 2570 apostolo
533 2501 594 2562 tuo,
610 2513 675 2568 qme
695 2513 749 2568 pro
769 2493 849 2549 illius
871 2494 1037 2550 veneranda
1056 2495 1185 2570 gerimus
1206 2496 1348 2570 passione,

150 2575 232 2631 nobie
247 2576 402 2651 proficiant
415 2576 453 2632 ad
465 2575 615 2632 medelam.
659 2574 724 2632 Per.

208 2656 280 2713 Atia
294 2656 534 2714 Posteommunie.

210 2738 378 2795 Sanctificet
405 2757 467 2806 noe,
492 2737 628 2805 Domine,
650 2755 825 2810 (praesumus
856 2736 901 2791 tui
932 2737 1079 2810 perceptio
1107 2737 1289 2806 sacramenti,
1318 2745 1348 2792 et

146 2818 354 2875 intercessione
378 2819 457 2874 beati
482 2817 636 2874 Saturnini
660 2817 799 2885 martyris
823 2816 870 2871 tui
893 2815 950 2872 tibi
973 2817 1078 2872 reddat
1101 2823 1241 2891 acceptos,
1290 2817 1348 2872 Per
1417 2884 1418 2890 ,

149 2898 320 2956 Dominum.

584 3037 623 3093 In
644 3053 698 3092 nm
719 3053 760 3092 an
783 3036 914 3094 M1ssan.

211 3171 349 3245 Officium.
393 3170 472 3227 Mihi
486 3176 585 3226 autem
599 3167 695 3223 nimis.

212 3254 282 3323 tlreee
296 3253 342 3310 leie
355 3260 381 3309 et
394 3252 525 3326 deinceps
539 3249 665 3307 tremate
680 3257 758 3318 areret,
769 3248 803 3304 in
813 3247 970 3306 Communi
979 3247 1153 3307 Sanctorum
1168 3262 1347 3325 quaerentur.

210 3334 312 3390 Gloria
329 3333 362 3389 in
383 3331 511 3400 excelsis,
527 3331 554 3388 ei
574 3339 640 3386 ente
654 3329 819 3386 Adventum
833 3330 961 3388 evenerit.
1003 3330 1044 3386 Et
1057 3332 1206 3388 sciendum
1220 3342 1259 3390 est
1273 3335 1351 3407 quod

148 3436 256 3490 eeerper
278 3414 320 3472 ed
341 3414 466 3470 Missma
488 3414 523 3469 de
542 3411 587 3469 dte
609 3411 718 3468 dieitur
740 3409 842 3467 Gloria
862 3411 894 3467 in
918 3410 1046 3482 excelsis,
1063 3413 1172 3486 quoties
1192 3414 1233 3470 Te
1252 3415 1349 3470 Deum

146 3496 281 3572 precedit
295 3495 337 3552 ed
348 3495 387 3551 M
384 3494 523 3551 etvetirma

211 3577 319 3634 Oratio.

211 3658 399 3733 Majestatem
413 3663 505 3724 tuam,
526 3654 663 3723 Domine,
685 3653 857 3729 suppliciter
876 3672 1039 3723 exoramus,
1061 3661 1096 3710 ut
1117 3655 1193 3713 sieut
1214 3657 1349 3715 Ecclesiae

150 3746 209 3795 true
224 3740 326 3796 beatus
346 3737 482 3794 Andreas
503 3735 651 3811 apostolus
672 3734 789 3792 exstitit
803 3735 977 3809 praedicator
991 3741 1021 3792 et
1041 3742 1145 3804 rector,
1158 3737 1201 3793 ita
1221 3739 1299 3813 apud
1321 3745 1349 3796 te

149 3820 189 3876 sit
203 3840 255 3896 pro
269 3819 353 3875 nobis
367 3824 524 3894 perpetuus
537 3817 716 3873 intercessor.
760 3815 826 3872 Per.

211 3901 355 3958 lienteria
369 3899 402 3956 de
416 3898 552 3955 Adventu
565 3906 592 3954 et
605 3896 744 3964 Domina,
760 3897 786 3952 ai
799 3894 881 3970 infre
895 3895 1060 3953 Adventu-m
1073 3899 1200 3954 evenerit.

213 3982 308 4039 Lectio
322 3979 460 4056 Epistola
474 3979 548 4036 beati
562 3977 655 4034 Pauli
665 4001 674 4035 .·
696 3977 744 4033 Ad
757 3978 904 4033 Romaene
914 3977 957 4054 (a.
976 3978 1093 4052 10-18).

214 4063 351 4118 Fratres:
377 4060 472 4118 Corde
486 4058 615 4116 creditur
629 4078 718 4132 resque
732 4058 771 4114 ud
784 4057 816 4112 in
830 4058 902 4114 fines
916 4059 994 4115 orbis
1008 4066 1093 4115 terne
1108 4061 1199 4116 verba
1211 4080 1320 4118 eorum.

214 4142 346 4200 Gredete.
389 4141 558 4198 Constitnes
571 4158 626 4196 eos

213 4224 360 4300 Alleluya.
403 4223 431 4280 V.
455 4220 572 4277 Dilexit
586 4220 740 4277 Andream
754 4218 901 4276 Dominus
915 4220 946 4275 in
960 4220 1078 4277 odorem
1092 4222 1254 4281 suavitatis

213 4375 224 4398 ¹‘
241 4373 294 4417 MS.
306 4373 328 4417 D
340 4370 459 4416 adds-Et
469 4369 574 4415 dieantur
585 4369 670 4427 Kyrie,
682 4369 762 4415 Gloria
778 4369 802 4412 in
814 4368 922 4426 excelsis,
933 4370 1045 4427 Sanctus,
1055 4376 1075 4415 rt
1092 4372 1179 4427 Agnus
1194 4386 1242 4417 rum
1257 4380 1318 4425 emta,
1329 4378 1352 4419 a!

153 4435 174 4479 ie
187 4430 391 4478 (tammonem
401 4428 473 4476 saneti
488 4428 601 4476 ll'illclmi.
