2910 4904
127 313 188 374 128
560 308 656 373 Festo
678 305 880 373 Novembris.

186 474 366 534 Communia
410 475 521 533 Beatus
534 494 643 533 seruus.

186 555 444 615 Postremmuniol'*

186 638 233 697 Ut
246 638 340 710 nobis,
352 638 488 707 Domine,
500 643 553 694 tua
566 636 708 693 sacrificia
718 637 789 693 dent
803 636 937 707 salutem,
948 636 1053 693 beatus
1066 635 1245 693 Edmundus
1257 654 1322 693 oon·

122 719 215 777 sessor
228 726 298 775 tuus
311 724 401 795 atque
415 717 558 794 pontifex,
574 718 709 789 Domine,
724 736 899 792 quaesumus,
914 722 1048 793 precator
1061 716 1187 775 accedat.
1224 716 1291 775 Per.

226 898 336 955 Smcrr
356 898 486 969 Arrmu,
509 913 644 955 nrrsoorr
665 914 703 954 ar
722 912 926 954 corrnssoars.
971 896 1032 974 (xv.
1048 896 1118 954 Kal.
1134 895 1222 973 Dec)

188 1010 327 1085 Officium.
373 1012 542 1069 Sacerdotes
557 1012 611 1072 tui.

188 1091 296 1149 Oratio.
339 1093 396 1163 Da,
412 1112 585 1168 quaesumus

187 1174 329 1247 Epistola.
371 1174 488 1249 Optavi.

188 1253 320 1311 Gaudet.
364 1254 438 1312 Ecce
452 1254 590 1311 sacerdos,

187 1334 334 1410 Alleluya.
384 1335 413 1394 V.
434 1335 543 1392 Inveni
558 1334 664 1391 David.

187 1416 387 1490 annqelium.
430 1414 495 1489 Vos
508 1415 579 1472 estis
593 1415 636 1471 sal
649 1420 743 1471 terra.

189 1494 381 1569 offertorium.
424 1496 533 1552 Inveni
548 1495 654 1555 David.

188 1576 368 1636 Gorumaaio.
413 1576 508 1634 Semel
518 1576 627 1652 juravi.

185 1657 226 1715 Iu
241 1658 341 1716 Octavi
353 1658 447 1715 sancti
460 1657 590 1714 Martiae
597 1679 610 1727 ;
633 1656 773 1731 Officium,
790 1656 911 1727 Statuit,
927 1666 953 1714 et
966 1666 1064 1730 cetera,
1081 1658 1156 1716 sicca
1168 1658 1205 1717 iat
1217 1659 1274 1718 die.

256 1849 367 1906 Sason
387 1848 545 1921 Enuuuor,
569 1865 657 1906 naurs
679 1865 716 1905 ar
736 1864 898 1904 nasarius,
943 1847 1006 1925 (xii.
1024 1847 1094 1907 Kal.
1110 1848 1196 1927 Dec)

189 1959 327 2035 officiunt.
371 1962 535 2019 Laetabitur
544 1962 652 2037 justus.

192 2043 301 2100 Oratio.

188 2122 277 2194 Deus,
303 2124 460 2180 ineffabilis
477 2123 692 2194 misericordiae,
707 2122 759 2198 qui
784 2121 985 2179 beatissimum
1008 2142 1107 2199 regem
1131 2124 1329 2183 Edmundum

127 2202 261 2261 tribuisti
274 2224 326 2279 pro
340 2210 393 2261 tuo
407 2204 526 2260 nomine
544 2203 697 2260 inimicum
717 2202 869 2260 moriendo
889 2203 1014 2275 vincere,
1030 2203 1153 2261 concede
1175 2206 1327 2282 propitius

127 2284 196 2341 huic
219 2285 337 2342 familiae
364 2292 432 2357 tuae,
451 2290 487 2341 ut
511 2305 544 2342 eo
567 2285 783 2342 interveniente
805 2289 953 2340 mereatur
974 2284 1006 2340 in
1031 2303 1061 2341 se
1085 2285 1206 2362 antiqui
1228 2286 1326 2345 hostis

126 2365 320 2423 incitamenta
333 2365 497 2441 superando
512 2365 707 2440 exstinguere.
750 2364 815 2422 Per.

181 2446 322 2521 Epistola.
366 2447 477 2504 Beatus
491 2447 546 2518 vir,
561 2447 613 2521 qui
626 2447 658 2501 in
672 2444 816 2522 sapientia
829 2445 999 2502 morabitur.

190 2528 325 2586 Grndak.
368 2529 390 2586 J
392 2536 475 2585 ustus
489 2534 524 2583 ut
537 2527 641 2602 palma

189 2609 337 2685 Alleluya.
387 2610 416 2667 V.
440 2608 606 2665 Laetabitur
615 2608 724 2683 justus.

188 2688 350 2764 Sequentia.
394 2689 557 2765 Organicis,
573 2698 607 2745 ut
620 2689 654 2745 in
668 2685 831 2746 Continuat.

189 2771 389 2844 Euespelium.
433 2770 465 2826 Si
479 2770 545 2845 quis
557 2769 623 2825 vult
637 2774 704 2844 post
716 2787 763 2824 me
777 2767 886 2824 venire.

192 2850 383 2924 Offirtorium.
427 2850 621 2907 Desiderium.

192 2933 312 2989 Secreto.

190 3013 258 3069 Hoc
286 3008 459 3068 sacrificium
486 3010 649 3068 devotionis
675 3015 792 3081 nostrae,
822 3028 995 3085 (praesumus,
1021 3010 1207 3087 omnipotens
1233 3012 1324 3085 Deus,

126 3093 288 3151 clementer
301 3092 418 3167 respice,
432 3097 463 3148 et
487 3091 686 3148 intercedente
699 3092 786 3148 beato
801 3089 957 3147 Edmundc
979 3109 1046 3167 rege
1067 3097 1098 3149 et
1118 3099 1251 3169 martyre
1263 3102 1324 3167 tuo,

130 3194 183 3251 pro
196 3175 250 3231 hac
264 3173 376 3229 familia
390 3179 443 3228 tua
456 3172 588 3247 placatus
601 3191 723 3229 assume.
766 3171 832 3228 Per.

193 3254 373 3314 Commmu'o.
416 3252 554 3310 Posuisti.

191 3334 433 3393 Postcommuaio.

190 3418 258 3474 Sint
271 3417 336 3487 tibi,
352 3414 537 3490 omnipotens
552 3414 640 3486 Deus,
656 3419 740 3489 grata
753 3421 861 3470 uostrae
882 3413 1035 3471 servitutis
1054 3414 1205 3491 obsequia,
1219 3423 1251 3475 et
1265 3417 1325 3474 haec

130 3504 231 3556 sancta
254 3516 319 3572 quae
344 3496 529 3571 sumpsimus,
549 3495 748 3551 intercedente
772 3495 857 3551 beato
882 3494 1039 3552 Edmundo
1060 3515 1129 3572 rege
1146 3502 1178 3554 et
1196 3503 1324 3575 martyre

129 3585 190 3650 tuc,
206 3578 320 3655 prosint
333 3577 418 3634 nobis
431 3576 469 3633 ad
483 3575 624 3652 capienda
637 3574 758 3650 praemia
771 3573 834 3632 vita
848 3581 1003 3652 perpetuae.
1047 3575 1112 3634 Per.

251 3757 377 3815 Snscrm
399 3757 548 3828 (inclara,
569 3771 705 3812 suasinus
727 3771 764 3810 nr
785 3772 944 3813 srnnrrrus.
988 3755 1029 3834 (x.
1046 3756 1115 3817 Kal.
1133 3757 1219 3839 Dec.)

195 3870 334 3947 Officium.
386 3871 548 3946 Loquebar.

195 3953 304 4012 Oratio.

191 4035 282 4105 DeuS,
298 4032 350 4108 qui
367 4052 420 4089 nos
441 4051 539 4089 annua
557 4032 650 4088 beatae
670 4030 793 4088 Caeciliae
812 4032 951 4107 martyris
969 4040 1028 4090 ture
1045 4033 1244 4095 sollemnitate
1256 4034 1321 4093 leti·

130 4118 209 4188 ficas,
224 4115 270 4186 da,
282 4120 317 4171 ut
336 4132 425 4188 quam
446 4132 620 4170 veneramur
633 4112 735 4184 officio,
751 4113 841 4169 etiam
854 4114 910 4188 piae
927 4115 1157 4173 conversationis
1170 4134 1320 4195 sequemet

130 4196 273 4272 exemplo.
316 4194 381 4251 Per.

190 4318 270 4362 *Μῆ
287 4315 443 4360 D.-Mcntcs
462 4319 565 4365 nostras.
582 4328 726 4371 quaesumus.
744 4315 853 4371 Domino,
871 4316 990 4374 susceptis
1005 4316 1091 4362 robora
1111 4318 1279 4373 sacramenti-3
1295 4318 1319 4361 ut

131 4379 195 4423 sicut
211 4391 253 4421 cos
269 4374 331 4421 beati
348 4374 469 4419 Edmundi
487 4374 633 4419 confessoris
650 4374 684 4417 tui
703 4381 774 4430 atque
795 4374 916 4433 pontificis
934 4376 1004 4420 notis
1020 4375 1135 4435 dignatus
1149 4392 1177 4422 cs
1194 4378 1317 4423 confortare

130 4436 261 4491 miraculis,
277 4449 313 4480 mc
323 4438 397 4480 otram
406 4447 490 4494 jurare
501 4432 624 4490 suffragiis
634 4440 657 4477 ct
668 4433 787 4480 illustrare
798 4434 903 4493 digneris
913 4434 1035 4493 exemplis.
1067 4436 1114 4482 Por
1125 4436 1262 4485 Dominum.
