2910 4904
127 327 189 397 170
435 325 544 392 Misso
561 348 627 413 pro
649 326 779 392 Pluvia
796 326 1013 412 postelloade.

186 493 332 551 Pscclmua.

186 574 238 632 Ad
261 580 301 646 te,
316 574 453 647 Domine,
473 574 570 632 levavi
590 574 720 634 animam
740 593 854 633 meam:
880 575 962 632 Deus
983 594 1074 648 meus,
1093 575 1127 632 in
1150 581 1183 634 te
1204 572 1333 647 confido,

126 675 186 712 non
199 656 375 713 erubescam.

189 734 298 793 Oratio.

187 815 278 889 Deus,
293 836 450 893 regnorum
464 817 596 874 omnium
607 836 768 895 regumque
777 816 954 888 dominator,
967 817 1082 894 quinos
1094 815 1334 894 etpercutiendo

128 916 222 969 sanae,
238 905 268 954 et
281 897 456 974 ignoscendo
471 918 642 970 conservas;
662 898 812 975 praetende
825 898 910 955 nobis
923 898 1155 957 misericordiam
1168 904 1257 955 tuam
1267 918 1277 970 3
1296 902 1333 955 ut

128 978 346 1115 tlpanquillitate
359 980 439 1055 pacis
453 985 505 1036 tua
518 985 664 1056 potestate
677 979 794 1036 firmata
807 979 845 1035 ad
859 978 988 1037 remedia
997 979 1189 1038 correctionis
1197 986 1331 1037 utamur.

156 1079 195 1116 er.

188 1139 285 1197 Lectio
299 1140 368 1198 libri
381 1139 491 1198 Hester.

189 1219 228 1277 In
238 1221 341 1278 diebus
349 1221 418 1292 illis,
427 1221 533 1279 Oravit
542 1221 653 1278 Hester
666 1221 703 1278 ad
718 1220 891 1293 Dominum,
902 1220 1019 1293 diesne,
1034 1222 1173 1295 Domine,
1183 1217 1332 1302 etjceterm

128 1302 242 1376 require
251 1311 318 1377 post
330 1302 518 1360 Dominicam
534 1301 768 1377 Quadrupeaimoe
781 1302 816 1358 irc
830 1301 918 1358 Fama
933 1312 1047 1376 quarte.

192 1382 325 1440 Gradole.

189 1463 340 1540 Propitius
353 1468 424 1537 esto,
436 1464 573 1534 Domine,
584 1461 829 1540 peccatisnostris
841 1484 847 1521 :
866 1464 1023 1539 nequando
1036 1463 1137 1521 dicant
1150 1468 1266 1540 gentes,
1280 1462 1334 1521 ubi

131 1549 175 1600 est
190 1544 271 1601 Deus
285 1565 394 1602 eorum,
1115 1550 1118 1556 '

135 1625 163 1682 V.
190 1626 312 1701 Adjuva
325 1646 386 1697 noa,
402 1626 483 1684 Deus
497 1625 635 1683 salutaris
648 1631 766 1683 noster:
788 1631 819 1682 et
832 1630 953 1700 propter
965 1623 1107 1682 honorem
1123 1624 1257 1683 nominis
1276 1624 1331 1697 tui,

132 1706 267 1779 Domine,
283 1707 377 1764 libera
389 1727 451 1765 nos.

189 1787 336 1862 Alleluya.
394 1788 423 1846 V.
460 1788 591 1845 Ostende
617 1787 711 1858 nobis,
740 1785 877 1858 Domine,
907 1786 1139 1845 misericordiam
1166 1792 1272 1846 tuam:
1302 1792 1333 1845 et

131 1868 259 1924 salutare
273 1874 359 1924 tuum
373 1869 411 1925 da
423 1869 517 1926 nobis.
838 1882 841 1889 ’

192 1948 392 2022 Ecoepelirem.
435 1950 544 2020 Amen,
560 1949 625 2006 dico
638 1948 731 2018 vobis,
743 1948 814 2024 quia
827 1948 995 2025 quicunque
1008 1947 1129 2019 dixerit,
1144 1957 1179 2006 at
1193 1968 1296 2025 cirpea.

194 2040 383 2113 Offirtorireer.
427 2042 518 2114 DeuS,
532 2048 567 2098 tu
581 2047 763 2101 convertens,

192 2131 312 2190 Secreto.

193 2214 314 2284 Adesto,
327 2233 502 2291 quaesumus,
518 2214 654 2286 Domine,
666 2214 812 2291 propitius
825 2215 934 2290 populo
947 2220 1018 2287 tuo;
1037 2219 1068 2272 et
1082 2234 1171 2291 quem
1183 2214 1335 2289 mysteriis

133 2295 295 2352 caelestibus
308 2303 338 2352 ct
353 2296 542 2353 sacramentis
555 2295 671 2366 imbuis,
683 2316 736 2372 per
750 2297 811 2352 haec
825 2315 948 2352 munera
957 2315 1022 2371 quae
1033 2295 1090 2352 tibi
1101 2296 1189 2353 offert
1199 2296 1333 2367 devotus,

132 2396 150 2431 a
163 2375 261 2432 furore
275 2382 447 2434 cunctorum
461 2377 591 2434 hostium
604 2383 658 2434 tua
671 2377 858 2433 miseratione
872 2377 1001 2434 defende.
1045 2376 1104 2433 Per
1117 2376 1293 2438 Dominum.

195 2455 376 2516 Coruncanio.
419 2457 537 2515 Inclina
550 2479 651 2516 aurem
665 2466 766 2514 tuam:
787 2457 922 2529 accelera,
938 2462 974 2514 ut
987 2476 1072 2515 eruas
1086 2477 1149 2515 nos.

193 2549 234 2607 Ie
248 2559 368 2625 ternpore
381 2551 527 2624 Paacdoli,
543 2552 692 2628 Alleluya,
708 2550 842 2626 alleluya.

194 2641 434 2699 Postcommcocc'o.

196 2721 332 2798 Corporis
346 2730 377 2780 et
390 2723 540 2798 sanguinis
557 2723 680 2780 Domini
700 2724 795 2781 nostri
814 2723 836 2781 J
838 2743 889 2781 esu
910 2722 1022 2781 Ohristi
1041 2730 1228 2783 sacrosancta
1246 2724 1334 2783 resec·

136 2802 217 2859 tione
230 2804 368 2878 vegetati,
383 2805 527 2880 supplices
547 2811 577 2861 te
597 2824 742 2880 rogamus,
757 2806 941 2880 omnipotens
963 2804 1044 2862 Deus
1057 2826 1064 2862 ε
1084 2811 1119 2863 ut
1132 2806 1189 2863 hoc
1206 2806 1380 2865 remedic—

136 2884 278 2958 singulari
291 2886 329 2941 ab
343 2885 424 2941 omni
437 2904 490 2941 nos
504 2892 687 2961 peccatorum
703 2887 875 2963 contagione
891 2885 1034 2961 purifices
1049 2892 1080 2943 et
1099 2906 1117 2944 a
1138 2886 1380 2964 periodorum-

137 2964 252 3021 munias
265 2966 431 3023 incursione
444 2972 625 3023 cunctorum.
668 2966 734 3024 Per.

467 3216 568 3274 M1ssn
590 3235 646 3276 rao
668 3219 788 3277 Pnuvm
809 3235 1013 3280 rosrumnna

200 3378 338 3452 Officium.
383 3380 469 3438 Salus
483 3383 593 3459 populi.

201 3458 310 3518 Oratio,

198 3539 288 3613 Deus,
299 3542 332 3598 in
342 3562 401 3618 quo
411 3543 549 3616 vivimus
565 3564 719 3603 movemur
732 3552 762 3602 et
776 3566 878 3603 sumus
883 3567 892 3619 3
909 3546 1042 3622 pluviam
1055 3547 1143 3605 nobis
1156 3549 1256 3607 tribue
1269 3568 1380 3609 σοι]

135 3627 299 3695 gruentem,
314 3629 349 3680 ut
363 3627 555 3698 praesentibus
573 3627 711 3684 subsidiis
729 3627 907 3685 sufficienter
920 3628 1024 3704 adjuti,
1037 3629 1221 3707 sempiterna
1237 3629 1380 3689 fiduci

137 3702 213 3758 alius
226 3709 406 3779 appetamus.
450 3706 513 3764 Per.

197 3793 294 3853 Lectio
309 3795 377 3853 libri
389 3796 502 3871 Reque
515 3799 554 3873 (3
569 3800 630 3856 eiii.
648 3801 695 3871 23,
712 3801 759 3871 35,
777 3801 840 3878 37)

197 3874 235 3932 In
261 3876 363 3933 diebus
390 3878 459 3948 illis,
486 3879 591 3936 Oravit
614 3881 752 3938 Salomon
776 3903 866 3956 oraque
888 3883 928 3939 ud
950 3902 1023 3958 quas
1046 3882 1157 3943 dedisti
1178 3884 1286 3963 populo
1326 3882 1358 3945 fn

137 3957 355 4028 possessionem,
371 3958 499 4015 Domine
513 3960 595 4018 Deus
608 3968 715 4020 noster.

198 4037 332 4097 Gradale.
375 4039 526 4116 Propitius
541 4048 610 4099 esto,

199 4118 347 4196 Alleluya.
397 4121 424 4178 V.
449 4121 578 4179 Ostende
591 4123 684 4181 nobis.

199 4199 366 4259 Secrrndurre
378 4202 517 4259 Marcum
530 4203 608 4280 (ciii.
627 4205 719 4282 1-10).

200 4280 238 4336 In
251 4282 303 4339 illo
316 4287 458 4358 tempore,
473 4283 561 4340 Dixit
576 4284 598 4341 J
599 4304 665 4342 esus
674 4285 827 4362 discipulis
838 4286 899 4343 suis
910 4307 917 4357 3
932 4287 1079 4345 Misereor
1089 4290 1185 4349 turbae
1199 4308 1284 4365 caque
1293 4288 1324 4347 cd

140 4361 167 4414 ci
181 4361 318 4437 discipuli
332 4364 395 4439 ejus
410 4384 477 4421 cum
491 4383 533 4422 eo.

203 4440 395 4514 Offertoriron.
439 4444 594 4503 Sederunt.
