2910 4904
612 282 709 348 Festa
730 282 847 349 Jaaii.
1286 287 1327 349 55

187 448 318 507 Initium
331 450 425 508 aaacti
437 448 599 524 anapelii.
643 450 811 508 Secundam
824 449 937 509 Baccara
945 450 990 527 (i.
1014 450 1109 528 5-17).

188 531 260 587 Fuit
281 531 313 587 in
334 531 436 588 diebus
457 531 586 588 Herodis
606 533 682 608 regis
696 553 786 607 usqae
804 532 845 589 ad
863 551 966 608 parare
984 532 1115 590 Domino
1129 531 1243 609 plebem
1261 551 1325 608 per-

125 611 244 670 sectam.

188 692 381 766 Offirtoriam.
426 692 529 749 Gloria
542 700 572 750 et
585 693 701 751 honore.

188 772 329 832 Secreta*

187 855 325 925 Munera,
339 875 514 931 quaesumus,
530 854 665 929 Domine,
681 855 781 912 oblata
801 855 960 928 sanctifica,
975 862 1006 913 et
1023 856 1224 913 intercedente
1237 856 1325 913 beato

124 936 147 993 J
148 936 266 993 ohanne
277 937 423 1012 Baptista,
436 956 489 993 nos
502 955 555 1012 per
568 936 629 992 haec
639 956 657 993 a
670 943 857 1012 peccatorum
871 943 1038 995 nostrorum
1052 936 1175 994 maculis
1188 936 1323 994 emunda

125 1016 185 1074 Per
199 1017 370 1075 Dominum.

187 1096 367 1156 Communia.
411 1097 523 1174 Magna
536 1103 588 1155 est.

187 1179 429 1237 Poatcommaaio.

186 1260 274 1316 Beati
284 1261 306 1318 J
307 1260 431 1317 ohannis
442 1259 585 1335 Baptistae
600 1278 662 1331 nos,
675 1279 850 1336 quaesumus,
862 1260 999 1331 Domine,
1015 1260 1155 1336 praeclara
1167 1259 1325 1316 comitetur

123 1341 220 1398 oratio
230 1361 239 1411 ;
264 1347 403 1416 utquam
427 1347 587 1396 venturum
611 1359 672 1396 esse
693 1341 839 1416 praedixit,
859 1349 959 1417 poscat
982 1342 1067 1398 nobis
1087 1341 1149 1398 fore
1165 1340 1324 1417 placatum,

125 1422 289 1478 Dominum
303 1429 438 1479 nostrum
451 1422 473 1479 J
474 1441 556 1478 esum
572 1421 724 1478 Christum
738 1422 850 1479 Filium
862 1430 957 1480 tuum.
1001 1423 1061 1491 Qui
1075 1428 1180 1480 tecum.

340 1653 442 1711 Iram
462 1653 603 1711 Ocrxvxs
625 1670 730 1712 saxon
750 1655 772 1712 J
774 1669 909 1711 orrannrs
930 1654 1095 1711 Barrrsra.

184 1791 250 1850 Ista
263 1792 302 1848 M
299 1792 360 1848 iasa
373 1791 534 1867 subscripta
543 1791 662 1849 dicatur
674 1791 759 1867 infra
771 1791 892 1849 Oetaeas
905 1792 999 1849 aaacti
1011 1791 1038 1847 J
1036 1792 1160 1849 ohannis
1171 1792 1322 1868 Baptistae,

127 1894 190 1934 tarn
204 1873 239 1930 de
253 1883 351 1930 sancto
365 1873 482 1930 canitur
496 1872 639 1942 Johaaae,
654 1873 821 1930 alternatim
839 1894 906 1930 cam
924 1873 1016 1931 altera
1030 1873 1133 1943 Missa,
1149 1873 1196 1930 De
1209 1879 1321 1931 ventre.

184 1953 234 2010 Ad
250 1954 425 2028 praedictam
439 1953 571 2011 Missam.
615 1953 755 2028 Officium.
798 1955 904 2012 Justus
918 1962 953 2011 ut
966 1954 1070 2030 palma.

186 2035 296 2093 Oratio.

185 2114 326 2186 Concede,
355 2135 530 2190 quaesumus,
554 2115 739 2191 omnipotens
753 2117 843 2187 Deus,
858 2122 894 2172 ut
914 2116 966 2192 qui
985 2116 1065 2173 beati
1081 2117 1104 2174 J
1105 2115 1229 2173 ohannis
1247 2116 1323 2192 Bap

128 2197 201 2254 tistae
215 2196 370 2253 sollemnia
384 2196 515 2267 colimus,
527 2197 589 2272 ejus
604 2197 683 2272 apud
696 2203 727 2254 te
741 2197 998 2254 intercessionibus
1012 2196 1191 2255 muniamur.
1233 2197 1299 2255 Per.

183 2277 280 2334 Lectio
295 2277 450 2334 Hieremia
464 2277 613 2352 Prophetae
622 2278 661 2352 (i.
681 2277 797 2352 17-19).

183 2359 223 2414 In
237 2358 340 2415 diebus
358 2358 424 2422 illia,
440 2359 566 2415 Factum
580 2364 624 2416 est
638 2359 762 2416 verbum
777 2358 901 2415 Domini
914 2377 1003 2433 aaqae
1014 2360 1054 2416 ad
1067 2365 1165 2416 tecum
1181 2378 1233 2434 ego
1247 2377 1321 2430 sum,

129 2439 166 2497 ait
184 2439 342 2511 Dominus,
357 2445 392 2495 ut
405 2438 527 2497 liberem
541 2446 579 2496 te.

184 2518 319 2578 Gradate.
362 2520 469 2577 Justus
483 2527 518 2576 ut
532 2521 636 2596 palma.

184 2601 334 2676 Alleluya.
383 2601 412 2658 V.
436 2601 490 2672 Tu,
503 2621 583 2676 puer,
599 2611 633 2658 at
646 2621 738 2677 capra
751 2602 785 2658 ia
799 2601 914 2676 Viqilia,
928 2602 978 2658 aed
990 2601 1052 2658 aiae
1065 2599 1229 2674 Sequentia.

181 2682 350 2740 Secundam
363 2682 476 2739 Lucam
487 2683 523 2756 (i.
544 2682 658 2759 18-25).

183 2763 223 2820 In
235 2763 288 2819 illo
302 2769 443 2839 tempore,
458 2763 547 2820 Dixit
561 2763 717 2820 Zacharias
730 2763 768 2820 ad
781 2763 936 2840 angelum:
957 2762 1048 2820 Unde
1061 2762 1116 2820 hoc
1130 2761 1219 2820 sciam
1232 2781 1322 2837 asqao

129 2843 163 2899 od
175 2844 366 2927 opproprium
381 2864 480 2901 meum
493 2845 572 2900 inter
585 2844 727 2902 homines.

183 2925 376 3000 offertorium.
421 2925 460 2981 ln
475 2927 587 2982 virtute
600 2931 660 2984 tua.

181 3005 303 3064 Secreta.

180 3087 316 3154 Munera,
331 3105 505 3162 quaesumus,
522 3087 658 3158 Domine,
675 3087 774 3144 oblata
794 3087 951 3156 sanctifica,
966 3092 997 3142 et
1017 3084 1218 3143 intercedente
1232 3084 1320 3142 beato

129 3166 257 3225 Johanne
273 3168 417 3243 Baptista,
428 3188 482 3225 nos
495 3188 548 3244 per
559 3169 620 3226 haec
631 3189 649 3225 a
661 3173 848 3244 peccatorum
862 3172 1030 3225 nostrorum
1045 3166 1168 3223 maculis
1182 3165 1319 3224 emunda.

181 3248 364 3311 Cornmaaio.
408 3249 548 3320 Posuisti,
564 3250 701 3306 Domine.
1116 3273 1118 3279 ¹

180 3329 423 3388 Postcomneaaio.

180 3410 302 3482 Praesta,
332 3419 508 3485 quaesumus,
536 3410 722 3487 omnipotens
750 3410 841 3482 Deus,
869 3415 904 3466 ut
939 3407 991 3485 qui
1025 3407 1151 3466 caelestia
1177 3407 1319 3465 alimenta

131 3493 311 3567 percepimus,
327 3492 527 3549 intercedente
542 3492 628 3549 beato
649 3492 671 3549 J
672 3492 787 3550 ohanne
801 3490 946 3566 Baptista,
961 3509 1013 3566 per
1030 3489 1092 3546 haec
1106 3494 1210 3546 contra
1223 3488 1322 3546 omnia

131 3570 242 3629 adversa
255 3572 433 3630 muniamur.
477 3572 543 3629 Per.

256 3781 258 3784 ⁴
301 3787 341 3843 In
362 3804 415 3843 mr
435 3786 639 3844 Narrvrrxrrs
661 3802 768 3844 sxrorr
788 3785 958 3855 Jonaxms,
981 3799 1140 3842 rammam.

182 3918 322 3994 Officium.

179 4001 225 4057 De
238 4007 343 4057 ventre
367 4000 471 4057 matris
485 4020 556 4057 meae
577 4000 694 4058 vocavit
708 4020 755 4057 me
769 3999 917 4056 Dominus
932 4000 1051 4056 nomine
1065 4019 1129 4057 meo
1143 4021 1149 4056 :
1178 4005 1208 4056 et
1221 4001 1321 4075 posuit

129 4098 155 4135 os
166 4101 262 4139 meum
276 4089 312 4138 ut
325 4081 456 4157 gladium
471 4087 592 4138 acutum
606 4102 611 4138 :
633 4082 687 4138 sub
709 4087 879 4157 tegumento
899 4100 1005 4138 manus
1025 4101 1085 4138 suae
1105 4081 1238 4156 protexit
1251 4101 1297 4139 ma
1312 4103 1318 4139 :

129 4164 218 4237 posuit
231 4182 279 4220 me
293 4163 378 4238 quasi
392 4163 531 4239 sagittam
546 4162 678 4219 electam.

179 4310 191 4334 ¹
206 4309 260 4355 MS.
271 4308 379 4365 D.-Da,
387 4321 532 4366 quesumus,
541 4309 692 4365 omnipotens
701 4306 774 4360 Deus,
784 4310 812 4352 ut
822 4306 884 4352 siout
895 4306 978 4351 beatus
983 4307 999 4351 J
1001 4307 1106 4351 ohannes
1114 4305 1225 4363 astruxit,
1232 4307 1320 4365 Agnus
1382 4325 1385 4332 ¹

128 4365 278 4473 illlgntpppgui
294 4368 453 4426 presentibus
470 4367 594 4426 mysteriis
606 4367 740 4412 declaratus
750 4370 794 4423 est,
810 4369 907 4425 peccata
917 4369 1001 4410 nostra
1017 4379 1110 4423 semper
1123 4365 1241 4411 emundet.
1274 4367 1321 4411 Per
