2910 4904
157 281 199 342 32
649 277 744 342 Festo
765 276 865 342 Maii.

215 443 407 517 Qffertoriam.
451 444 689 518 Oonfitebuntur,
704 453 845 520 utsupra
859 443 894 500 in
907 443 992 502 Festo
1006 445 1101 502 sancti
1116 443 1241 520 Georpii.

213 527 334 583 Secreta.
799 523 800 527 ¹

214 607 312 671 Hanc,
336 607 473 677 Domine,
497 627 671 682 quaesumus,
696 606 875 663 oblationem
897 625 950 682 pro
974 607 1253 663 commemoratione
1278 604 1364 663 beati

154 686 251 744 Marci
273 687 332 744 tibi
353 688 483 744 oblatam
505 689 632 763 benigne
652 695 802 759 contuere,
824 695 853 743 ct
876 694 984 762 praesta
1004 694 1040 744 ut
1064 694 1094 745 et
1115 687 1233 745 nomini
1254 693 1308 745 tuo
1322 686 1363 743 ad

152 768 276 844 gloriam
290 775 320 825 et
334 769 420 825 nobis
434 768 569 844 proficiat
582 768 620 824 ad
634 768 786 826 medelam.
830 768 888 824 Per
905 768 1078 825 Dominum.

215 849 397 907 Corrrnraaio.
441 849 615 920 Laetabitur,
631 858 665 905 ut
678 870 770 924 supra
784 849 818 906 in
830 849 915 907 Festo
930 850 1025 907 sancti
1040 849 1165 924 Georpii.

214 931 458 988 I’oatcomrnnnio

214 1011 299 1068 Pasti
319 1013 384 1068 cibo
405 1011 546 1088 spiritalis
567 1011 723 1082 alimoniae,
745 1030 922 1086 quaesumuS,
938 1011 1068 1068 Domine
1089 1010 1172 1068 Deus
1192 1016 1302 1081 noster,
1323 1015 1362 1067 nt

152 1093 232 1166 quod
256 1093 421 1149 ministerio
447 1092 678 1167 frequentamus,
700 1092 904 1148 intercedente
930 1092 1017 1149 beato
1044 1092 1148 1149 Marco
1172 1090 1360 1168 evangelista

152 1178 241 1248 atque
255 1174 402 1249 pontifice,
419 1173 505 1249 plena
518 1173 645 1230 veritate
658 1191 878 1247 consequamur.
922 1173 980 1229 Per
994 1170 1186 1230 Dominum*

387 1369 498 1426 Saron
519 1369 658 1441 Vrrnnrs,
683 1385 846 1426 nummus.
890 1367 939 1445 (iv.
954 1368 1023 1425 Kal.
1041 1368 1127 1447 Mai.)

215 1517 353 1590 Officium.
398 1518 567 1589 Protexisti,
585 1538 680 1592 qaaere
694 1517 728 1573 in
741 1517 825 1574 Festo
840 1518 935 1574 attracti
951 1516 1073 1592 Georpii.

215 1600 324 1656 (butio,

212 1678 335 1750 Praesta,
359 1699 537 1754 quaesumus,
557 1679 741 1755 omnipotens
766 1677 908 1750 Deus,'ut
929 1679 1131 1736 intercedente
1148 1681 1235 1737 beato
1258 1679 1360 1738 Vitali

151 1766 281 1835 martyre
295 1767 356 1831 tuo,
373 1767 403 1819 et
417 1781 434 1816 a
448 1761 561 1817 cunctis
575 1760 805 1817 adversitatibus
818 1760 979 1817 liberemur
992 1761 1026 1816 in
1039 1780 1168 1837 corpore,
1180 1765 1211 1818 et
1224 1780 1243 1817 a
1256 1761 1360 1837 pravis

151 1841 379 1916 cogitationibus
393 1842 571 1897 mundemur
584 1842 617 1896 in
630 1845 737 1898 mente.
780 1840 845 1897 Per.
1398 1838 1402 1846 ’

211 1921 354 1995 Epistola,
396 1922 494 1978 Nemo
507 1923 647 1980 militans.

210 2003 361 2077 Allelnya.
411 2003 439 2059 V,
463 2003 484 2059 J
487 2010 570 2059 ustus
584 2023 644 2058 non
659 2002 910 2059 conturbabitur..

210 2083 359 2157 Alleluya.
410 2085 437 2141 V.
462 2084 599 2140 Surrexit
614 2083 761 2139 Dominus
771 2103 848 2153 rere,
865 2089 894 2139 et
908 2083 1048 2158 apparuit
1062 2083 1159 2142 Petro.

211 2165 413 2237 Evarapeliarn.
457 2165 520 2240 Ego
545 2184 610 2220 sum
629 2164 700 2220 vitis
721 2184 800 2236 vera,
815 2183 909 2238 pacare
929 2165 963 2221 in
983 2164 1141 2222 Continuat
1153 2165 1359 2240 plurimorum

151 2255 325 2319 artrtrtprurn.

213 2326 405 2398 Offertoriarn.

211 2407 332 2482 Repleti
352 2427 454 2464 sumus
473 2426 559 2464 manc
573 2406 773 2464 misericordia
793 2413 854 2476 tua,
873 2412 903 2463 et
923 2407 1148 2480 exsultavimus
1164 2413 1194 2464 et
1214 2408 1359 2467 delectati

150 2508 259 2556 sumus,
274 2489 410 2563 alleluya.

213 2571 335 2627 Secreta.

208 2652 341 2726 Accepta
355 2650 412 2706 tibi
422 2651 462 2707 sit
475 2649 508 2705 in
522 2656 678 2724 conspectu
692 2657 753 2719 tuo,
770 2649 907 2721 Domine,
923 2655 1031 2707 nostrae
1047 2650 1213 2707 devotionis
1224 2649 1358 2725 oblatio;

148 2739 178 2788 et
192 2733 256 2807 ejus
270 2733 355 2788 nobis
368 2732 421 2788 fiat
435 2731 649 2807 supplicatione
663 2731 809 2804 salutarie,
825 2751 878 2806 pro
894 2731 977 2806 eujus
991 2732 1189 2788 sollemnitate
1210 2731 1353 2791 defertur.

150 2812 208 2870 Per
223 2812 393 2872 Dominum.

211 2893 393 2951 Communia

209 2975 272 3048 Ego
287 2993 349 3030 sum
366 2973 437 3030 vitis
451 2992 530 3042 vera,
544 2978 575 3029 et
588 2991 641 3028 vos
654 2972 809 3047 palnrites3
831 2975 883 3050 qui
903 2980 1004 3031 manet
1024 2975 1058 3031 in
1077 2994 1133 3047 me,
1149 2979 1180 3031 et
1193 2993 1246 3051 ego
1260 2975 1294 3032 in
1307 2994 1353 3049 eo,

148 3055 195 3112 hic
208 3055 267 3111 fert
281 3055 411 3111 fructum
425 3055 572 3125 multum,
593 3053 730 3130 alleluya,
745 3054 880 3130 alleluya.

208 3136 473 3195 Postcommuaio.†

207 3216 341 3292 Reseotiss
375 3217 600 3292 participatione
633 3217 764 3273 muneris
798 3217 881 3288 sacri,
907 3237 1081 3292 quaesumus,
1110 3216 1239 3274 Domine
1267 3217 1353 3276 Deus

145 3305 252 3370 noster,
269 3304 303 3354 ut
317 3299 400 3372 cnjus
412 3298 601 3373 exsequimur
610 3299 732 3369 cultum,
743 3297 904 3354 sentiamus
914 3298 1059 3355 effectum.
1103 3297 1161 3354 Per
1175 3298 1351 3358 Dominum.

224 3517 411 3573 Snucronun
438 3532 656 3573 arosronorun
682 3515 826 3571 Pnrnrrrr
848 3531 885 3570 ur
906 3515 1026 3573 Jacoar.
1073 3514 1157 3593 (Kal.
1178 3514 1267 3593 Mai.)

207 3630 348 3705 Qffice’arn.

203 3712 455 3768 Exclamaverunt
469 3711 507 3767 ad
521 3717 560 3782 te,
578 3710 717 3782 Domine,
733 3711 766 3766 in
780 3716 912 3786 tempore
933 3711 1102 3768 afflictionis
1116 3732 1176 3769 suae
1190 3733 1197 3771 :
1218 3719 1249 3770 et
1263 3718 1298 3770 tu
1313 3713 1362 3772 de'

143 3793 213 3851 caelo
228 3792 376 3850 exaudisti
389 3812 446 3862 eos,
462 3791 597 3867 alleluya.

203 3873 350 3931 I'salmaa

202 3956 361 4012 Exsultate
370 3954 448 4029 justi
462 3955 493 4010 in
508 3953 652 4010 Domino:
672 3958 767 4010 rectos
781 3953 864 4011 decet
878 3953 1062 4011 collaudatio

151 4154 156 4196 l
191 4093 292 4196 shlbpp
303 4091 398 4135 follows
409 4090 435 4134 in
445 4091 485 4135 the
502 4089 598 4146 printed
614 4089 725 4134 diditione
740 4090 781 4134 tho
798 4090 874 4134 Missa
890 4091 927 4135 for
938 4091 962 4135 S.
975 4091 1106 4146 Petronius,
1117 4090 1198 4136 which
1207 4091 1313 4150 belongs
1324 4096 1351 4139 to

139 4158 179 4198 tro
206 4158 215 4197 t
243 4168 256 4195 o
295 4165 349 4195 nnc.

199 4230 211 4287 †
227 4229 280 4273 MS.
292 4228 508 4282 n-nuaesumus,
519 4226 668 4284 omnipotens
679 4226 753 4282 Dens,
764 4230 792 4270 ut
802 4241 891 4271 munus
901 4227 1011 4272 divinum
1026 4227 1091 4286 quod
1107 4227 1262 4287 sumpsimus,
1270 4228 1350 4276 inter·

141 4289 237 4339 cedente
248 4289 317 4331 irato
328 4287 407 4331 Vitalc
417 4290 522 4344 martyro
534 4290 583 4342 ino,
595 4285 693 4329 salutari
704 4285 773 4330 nobis
784 4286 861 4344 prosit
869 4287 963 4332 effectu.
994 4287 1041 4332 Per
1051 4287 1189 4336 Dominum.

199 4350 235 4391 As
247 4349 339 4391 Sarum.

199 4425 212 4484 ζ
228 4423 281 4467 MS.
294 4421 455 4480 A.-chlcti.
