2910 4904
125 293 146 352 ’6
569 290 667 354 Festa
688 288 882 354 Decembria

124 455 220 512 sancti
233 456 375 513 antistitis
389 457 436 512 tui
449 456 566 513 Nicolai
580 457 753 527 offeruntur,
767 461 802 512 ut
812 476 865 532 per
875 475 909 513 ea
920 455 984 514 vita
997 462 1098 513 nostra
1111 455 1191 513 inter
1203 456 1326 514 adversa

125 537 243 612 ubique,
259 543 289 593 et
302 556 440 613 prospera
453 536 605 612 dirigatur.
649 537 708 594 Per
722 537 893 595 Dominum.

188 616 370 677 Communia
414 617 524 675 Fidelis
538 637 646 677 servus

187 698 425 756 Posteommunio.

187 779 335 836 Sacrificia
348 799 413 855 quae
427 780 613 854 sumpsimus,
629 779 765 848 Domine,
780 798 833 854 pro
854 779 1051 836 sollemnitate
1071 779 1166 837 saneti
1179 779 1326 855 pontificis

124 859 170 915 tui
198 860 315 916 Nicolai
342 861 520 936 sempiterna
546 880 599 917 nos
626 861 808 936 protectione
835 861 1016 920 confirment.
1074 860 1133 917 Per
1160 861 1326 918 Dominum

126 946 259 996 nostrum
274 941 295 998 J
297 961 385 997 esum.

345 1137 385 1194 In
406 1136 539 1194 Ocrnws
561 1153 665 1195 SANOTI
686 1137 837 1228 Annaea.
883 1137 944 1215 (vii.
962 1138 1007 1196 Id.
1024 1137 1110 1216 Dec.)

188 1287 325 1361 Officium.
370 1285 449 1342 Mihi
469 1292 569 1343 autom
583 1287 681 1356 nimis,
697 1296 723 1344 et
737 1296 848 1357 cetera;
862 1288 937 1345 aaut
955 1288 989 1344 ire
1002 1287 1056 1358 die,
1072 1287 1123 1344 sed
1140 1287 1202 1345 sine
1223 1286 1326 1344 Gloria

129 1369 161 1424 in
175 1367 306 1437 excelsis,
321 1376 347 1425 et
359 1367 421 1425 siae
436 1367 537 1425 Credo.

189 1448 296 1506 Oratio

187 1529 327 1605 Protegat
350 1549 413 1600 nos,
436 1529 572 1600 Domine,
595 1530 702 1605 saepius
723 1530 804 1587 beati
826 1529 956 1587 Andreae
980 1529 1106 1605 apostoli
1130 1531 1177 1587 tui
1198 1531 1325 1606 repetita

126 1610 315 1681 sollemnitas,
330 1616 365 1666 ut
383 1611 468 1685 eujus
488 1611 652 1686 patrocinia
665 1613 728 1667 sine
742 1611 958 1668 intermissione
974 1611 1137 1682 recolimus,
1152 1618 1325 1686 perpetuam

127 1691 324 1748 defensionem
338 1691 507 1748 sentiamus.
550 1691 608 1747 Per
622 1692 792 1749 Dominum.

187 1772 321 1846 Epistola
334 1781 360 1828 et
373 1771 567 1846 Eeeraqetiem
580 1773 615 1828 in
628 1773 682 1829 die.

187 1853 307 1909 Secreto.
646 1885 649 1892 ν

188 1933 411 2008 Indulgentiam
439 1933 532 2004 nobis,
562 1932 699 2004 Domine,
729 1953 904 2009 quaesumus,
933 1935 1084 2010 praebeant
1110 1934 1173 1991 haee
1203 1953 1328 1992 munera

126 2014 300 2090 largiorem5
321 2033 386 2089 quoe
396 2014 573 2070 venerabilis
586 2015 715 2071 Andreae
730 2015 855 2090 apostoli
869 2015 1015 2091 suffragiis
1029 2016 1201 2074 offeruntur.
1245 2015 1310 2073 Per.

187 2095 427 2152 Posteommaaio.

186 2175 323 2250 Adjuvet
342 2175 485 2232 familiam
506 2181 587 2232 tuam
610 2176 676 2246 tibi,
698 2176 835 2249 Domine,
851 2177 1042 2252 supplicando
1062 2177 1167 2234 beatus
1188 2177 1327 2234 Andreas

127 2257 284 2331 apostolus,
307 2262 338 2313 et
357 2257 424 2331 pius
445 2257 631 2313 interventor
651 2257 802 2331 efficiatur,
825 2258 877 2334 qui
895 2258 942 2314 tui
965 2257 1092 2315 nominis
1117 2258 1235 2315 exstitit
1255 2278 1328 2334 prae-

127 2338 246 2394 dicator.
290 2337 349 2394 Per
363 2337 532 2395 Dominum.

175 2560 214 2616 In
235 2559 333 2618 Fnsro
354 2560 576 2620 Coronrrrorus
596 2579 702 2620 nnana
722 2563 840 2620 Marus
861 2564 1018 2622 Vmonus.
1062 2564 1113 2643 (vi.
1130 2565 1174 2623 Id.
1191 2566 1277 2644 Dec.)

185 2709 235 2766 Ad
258 2710 385 2768 Missam
406 2713 480 2769 sieut
499 2713 535 2770 ia'
555 2712 718 2770 Nativitete
739 2713 808 2788 ejaa
828 2723 940 2771 rreuteto
961 2715 1077 2772 nomine
1096 2715 1272 2775 Nativitatie
1292 2717 1327 2776 in

126 2810 229 2847 nonan
251 2790 457 2866 Conceptionis.
509 2793 665 2866 Sequentia
692 2803 727 2849 at
753 2795 787 2850 in
815 2794 984 2868 Nativitate‚
1010 2805 1124 2853 neatete
1152 2807 1250 2856 tamen
1272 2798 1327 2858 lieo

126 2871 249 2928 dictione
263 2872 440 2929 Natiuitatis
453 2874 487 2929 in
499 2894 604 2931 noeten
619 2873 826 2948 Coraeprioeis.

410 3085 537 3142 Sanora
559 3086 675 3157 Lucun,
698 3103 842 3144 VIRGINIS.
888 3086 946 3161 (Id.
963 3087 1050 3166 Dec.)

190 3215 328 3291 Officium.
372 3217 521 3275 Dilexisti.

194 3297 301 3355 Oratio.

187 3378 305 3435 Exaudi
326 3398 387 3449 nos,
404 3379 485 3436 Deus
505 3381 642 3438 salutaris
663 3392 772 3452 noster,
788 3388 818 3438 et
834 3383 911 3438 sicut
926 3382 961 3439 de
976 3382 1068 3439 beatae
1083 3383 1183 3440 Luciae
1196 3385 1326 3461 virginis

127 3465 158 3516 et
185 3459 323 3535 martyris
350 3466 409 3516 tuae
436 3461 598 3519 festivitate
625 3464 795 3538 gaudemus,
816 3463 860 3520 ita
879 3464 935 3538 piae
963 3463 1128 3521 devotionis
1156 3465 1328 3523 erudiamur

128 3540 243 3597 affectu.
286 3540 344 3597 Per
357 3542 529 3599 Dominum.
1166 3552 1171 3560 '

188 3621 338 3678 Memoriae
351 3621 384 3679 de
397 3622 542 3694 Adventu,
557 3633 583 3680 et
596 3624 630 3681 de
643 3625 781 3683 Domine.

188 3701 328 3777 Epistola.
372 3703 523 3779 Sapientia
536 3706 631 3762 vincit
644 3705 796 3762 malitiam.

191 3783 325 3840 Grodele.
369 3785 518 3843 Dilexisti.

189 3865 337 3940 Alleluya.
386 3864 414 3922 V.
438 3866 555 3923 Diffusa
568 3874 620 3924 est.

190 3945 352 4020 Sequentia.
396 3946 597 4019 Exsultemus,
613 3956 647 4004 at
661 3947 695 4004 in
710 3947 872 4005 Communi.

189 4027 389 4101 Eearepeliam.
433 4027 535 4084 Simile
549 4035 594 4085 est
607 4049 731 4104 regnum
745 4028 881 4085 caelorum
895 4028 1039 4086 thesauro,
1107 4059 1113 4068 ·

190 4107 383 4180 Ofirtooiam.
426 4107 725 4180 0ffe1·entur,rninus.

190 4188 311 4247 Secreta.

187 4269 320 4346 Accepta
337 4271 394 4327 tibi
413 4271 460 4341 sit,
476 4271 613 4343 Domine,
630 4278 748 4329 sacratae
762 4271 856 4350 plebis
877 4271 987 4328 oblatio
1008 4291 1061 4346 pro
1076 4278 1199 4329 tuorum
1212 4271 1325 4332 honore

172 4354 307 4423 ictorum,
335 4371 460 4427 quorum
487 4371 518 4408 se
545 4353 658 4410 meritis
685 4355 846 4431 percepisse
881 4352 917 4410 de
951 4352 1143 4410 tribulatione
1176 4356 1326 4430 cognoscit

188 4427 284 4488 ilium.
327 4432 386 4490 Per
403 4432 575 4492 Dominum.
