2910 4904
386 287 483 370 Ordo
506 288 552 352 ad
566 286 731 373 facienda
752 288 946 373 Sponsalia.
1211 296 1271 358 191

136 453 270 512 Gradale.

133 534 312 592 Benedictus
343 554 382 607 es,
417 535 554 607 Domine,
586 537 638 611 qui
672 536 797 592 intueris
831 537 969 612 abyssos:
1008 545 1039 594 et
1070 538 1152 595 sedes
1186 559 1274 617 super

69 614 222 674 cherubin.

78 695 106 754 V.
134 696 306 754 Benedicite
320 696 418 754 Deum
433 697 513 754 caeli:
535 697 606 772 quia
619 697 689 754 fecit
702 697 857 754 nobiscum
871 698 1101 756 misericordiam
1115 720 1206 758 suam.

60 839 62 842 ,
131 775 280 850 Alleluya
331 777 360 835 V.
383 778 562 834 Benedictus
583 797 622 850 es,
638 777 766 836 Domine
787 777 870 836 Deus
889 785 1010 856 patrum
1030 788 1217 840 nostrorum:
1242 789 1272 840 et

70 857 229 914 laudabilis
241 859 274 914 in
288 858 399 916 saecula

131 938 298 997 Secundum
312 938 480 997 Jobannene
493 939 555 1016 (iii.
573 939 688 1013 27-29)
793 1011 795 1016 ,

131 1018 171 1076 In
193 1020 247 1076 illo
269 1026 409 1097 tempore,
435 1020 628 1096 Respondeas
655 1021 676 1078 J
679 1021 807 1078 ohannes
829 1021 927 1079 dixit:
959 1022 1031 1079 Non
1056 1031 1155 1099 potest
1182 1025 1270 1082 homo

67 1099 198 1176 accipere
213 1101 372 1177 quicquam
386 1121 475 1175 nsque
490 1101 709 1177 adimpleatur.

131 1180 234 1239 Credo.

131 1261 324 1336 Offertorinne.

130 1343 310 1400 Benedictus
337 1344 377 1400 sit
404 1344 486 1400 Deus
514 1343 612 1415 Pater,
638 1342 881 1420 Unigenitusque
909 1344 967 1402 Dei
995 1345 1110 1404 Filius:
1143 1348 1269 1406 Sanctus

67 1443 186 1500 quoque
201 1425 338 1500 Spiritus,
355 1425 425 1500 quia
438 1425 509 1482 fecit
521 1425 676 1482 nobiscum
690 1426 918 1482 misericordiam
932 1446 1023 1483 suam.

128 1505 248 1564 Secreta.

129 1585 295 1661 Sanctifica,
311 1607 486 1664 quaesumus,
503 1586 631 1643 Domine
651 1586 733 1643 Deus
753 1593 862 1658 noster,
884 1607 937 1662 per
956 1588 1004 1645 tui
1024 1589 1119 1646 sancti
1139 1591 1268 1648 nominis

67 1667 287 1726 invocationem
309 1676 339 1726 et
355 1687 408 1743 per
422 1667 581 1743 Unigeniti
602 1668 648 1724 tui
669 1668 812 1725 virtutem
833 1669 922 1744 hujus
943 1669 1101 1727 oblationis
1122 1670 1248 1728 hostiam
1258 1693 1267 1744 ;

66 1754 98 1804 et
121 1758 296 1825 cooperante
318 1750 432 1826 Spiritu
454 1749 569 1818 Sancta,
584 1768 637 1824 per
657 1768 721 1805 eam
741 1749 935 1825 nosmetipsos
955 1750 1013 1807 tibi
1033 1752 1138 1827 perfice
1158 1772 1267 1810 munus

64 1834 217 1887 aeternum.

126 1909 198 1967 Atta
211 1911 325 1969 Secreta
338 1912 390 1968 sab
404 1912 502 1968 eadem
516 1908 702 1967 conclusione.

127 1989 257 2069 suscipe,
268 2012 445 2067 quaesumus,
457 1991 592 2058 Domine,
603 2010 657 2066 pro
671 2011 752 2048 sacra
765 1992 905 2049 connubii
919 1992 982 2069 lege
994 2013 1102 2050 munus
1113 1994 1246 2052 oblatum
1257 2017 1265 2068 3

65 2079 96 2128 et
110 2072 194 2147 cujus
207 2073 332 2149 largitor
346 2093 376 2130 es
390 2073 494 2148 operis,
510 2078 573 2129 esto
586 2071 745 2148 dispositor
758 2073 932 2133 sanctitatis.
977 2074 1036 2132 Per
1050 2074 1222 2134 Dominum.

126 2152 276 2229 Proesatio.
813 2222 816 2226 ⁴

125 2233 276 2302 Quicum
301 2234 491 2310 Unigenitus,
514 2243 539 2291 et
563 2243 662 2304 cetera,
686 2255 775 2308 usqne
803 2234 852 2292 Da
872 2235 1019 2311 propitius
1042 2256 1152 2313 pacem.
1207 2238 1265 2295 Per

63 2313 198 2373 cundem.

126 2397 187 2454 Hie
207 2396 348 2454 Sacerdos
365 2395 467 2470 faciat
485 2395 665 2470 fractionem
680 2395 876 2453 Eucharistiae
900 2417 978 2454 neore
1002 2396 1093 2468 sol‘to,
1115 2407 1140 2455 et
1161 2399 1240 2455 dicat
1253 2421 1262 2455 .·

64 2477 123 2537 Per
136 2479 236 2534 omnia
249 2478 356 2535 saecula
370 2478 550 2534 saeculorum.
586 2477 690 2534 Postea
705 2477 835 2534 dimittat
840 2476 1003 2552 fractiones
1016 2498 1104 2553 snper
1111 2488 1262 2554 patenam,

61 2568 88 2616 et
102 2558 190 2618 catice
211 2559 407 2634 corporalitas
421 2566 555 2633 cooperto,
570 2566 662 2614 vertat
675 2579 703 2615 se
716 2557 855 2615 Sacerdos
873 2559 914 2614 ad
926 2578 1065 2633 sponsane
1078 2568 1104 2616 et
1118 2579 1261 2634 oporteant,

60 2650 88 2697 et
108 2643 190 2699 dicat
210 2659 297 2716 saper
316 2660 362 2697 eos
386 2639 538 2697 Orationes
561 2639 795 2712 aquamanilia
817 2639 1068 2713 genuflectentibus
1091 2640 1144 2698 snb
1167 2641 1262 2715 pallio

61 2742 151 2798 super
164 2742 210 2779 eos
223 2730 341 2790 eatento,
356 2717 434 2795 qnod
447 2728 561 2777 teneant
574 2721 633 2777 dno
648 2719 743 2777 cleriei
756 2720 790 2776 in
803 2720 1017 2795 superpelliceis.

121 2801 298 2860 Notandum
318 2810 358 2859 est
378 2801 464 2875 qnod,
479 2801 506 2856 si
525 2801 571 2857 nir
592 2809 645 2856 ant
665 2799 772 2857 nenlier
792 2821 855 2857 nna
875 2800 933 2858 eice
957 2801 1016 2857 sint
1041 2801 1185 2873 benedicti,
1201 2823 1262 2860 non

60 2883 161 2942 debent
174 2883 282 2940 iterans
296 2904 316 2940 a
328 2882 479 2940 Sacerdote
497 2881 629 2939 benedici.
673 2882 787 2938 Eorane
801 2882 955 2939 benedictio
971 2902 1031 2938 non
1051 2883 1128 2940 debet
1149 2883 1260 2954 iterari,

59 2965 133 3040 qaia
155 2984 222 3021 caro
243 2964 389 3021 benedicta
411 2962 502 3020 trabit
522 2963 563 3019 ad
581 2982 609 3019 se
629 2982 744 3019 carnem
760 2983 820 3019 non
840 2963 1024 3032 benedictam,
1040 2964 1113 3020 etin
1128 2964 1261 3022 titaiode

59 3045 197 3103 secandis
219 3045 334 3120 nuptiis
354 3043 512 3101 inhibitam
535 3052 575 3100 est
599 3052 624 3100 et
642 3063 698 3118 per
722 3043 873 3115 decretam,
889 3064 925 3100 ne
945 3044 1100 3102 benedictio
1122 3046 1261 3103 daturin

59 3127 194 3184 secandis
221 3126 343 3201 nuptiis.
393 3124 451 3182 Sed
471 3125 498 3181 si
510 3124 621 3199 forsan
648 3124 721 3181 alter
748 3145 846 3183 corant
872 3125 918 3182 ael
943 3126 1026 3183 ambo
1053 3126 1094 3182 ad
1120 3128 1261 3184 secandas

58 3207 182 3283 nuptias
195 3215 376 3264 transeuntes
389 3206 423 3262 in
430 3206 550 3280 prineas
567 3206 705 3263 benedicti
721 3227 782 3264 non
789 3206 917 3281 saarim,
934 3206 1035 3264 danda
1053 3207 1108 3264 erit
1125 3207 1165 3264 eis
1185 3208 1251 3266 bene

57 3289 148 3346 dictio
162 3289 196 3344 in
209 3288 350 3346 secandis.

121 3369 231 3427 Oratio.
865 3439 867 3442 Α

119 3449 297 3526 Propitiare,
310 3448 447 3518 Domine,
458 3449 721 3526 supplicationibus
734 3447 853 3517 nostris,
865 3453 895 3504 et
908 3447 1056 3506 institutis
1065 3448 1135 3521 tuis,
1151 3451 1259 3526 quibus

56 3530 300 3609 propagationem
320 3530 444 3587 humani
464 3530 578 3606 generis
598 3529 749 3600 ordinasti,
768 3529 912 3605 benignus
932 3529 1053 3601 assiste,
1074 3536 1109 3586 ut
1129 3532 1208 3606 quod
1228 3538 1258 3589 te

56 3620 178 3670 auctore
201 3612 349 3688 jungitur,
381 3617 411 3669 te
438 3611 603 3668 arixiliante
630 3616 771 3667 servetur.
828 3608 888 3667 Per
912 3609 1064 3668 Christum
1095 3612 1259 3670 Dominum

55 3702 200 3751 nostrum.
243 3695 351 3752 Amen.

118 3774 251 3832 Oremus.

43 3924 45 3928 ⁵
118 3855 279 4010 Dhbliiiqui
292 3939 437 4010 potestate
451 3934 572 3990 virtutis
586 3939 646 3989 tuae
657 3933 693 3990 de
707 3933 801 3990 nihilo
815 3938 922 3991 cuncta
938 3934 1051 4007 fecisti3
1073 3935 1124 4010 qui
1138 3934 1257 4011 disposi-

54 4018 95 4074 tis
119 4017 324 4074 universitatis
348 4015 485 4086 exordiis,
501 4014 615 4070 homini
633 4015 670 4070 ad
691 4015 850 4090 imaginem
873 4015 931 4072 Dei
948 4016 1026 4072 facto
1044 4016 1110 4072 ideo
1128 4016 1257 4091 insepar-

53 4098 132 4155 abile
153 4097 286 4154 mulieris
306 4096 487 4172 adjutorium
508 4095 674 4165 condidisti,
689 4101 724 4152 ut
743 4096 871 4152 femineo
891 4097 1006 4171 corpori
1027 4096 1062 4152 de
1077 4096 1158 4152 virili
1172 4098 1256 4154 dares

54 4199 141 4236 carne
164 4178 365 4254 principium,
388 4176 503 4247 docens,
526 4177 604 4252 quod
627 4196 665 4233 ex
688 4196 748 4233 uno
770 4176 927 4254 placuisset
951 4177 1077 4247 institui,
1102 4197 1256 4253 nunquam

54 4261 143 4318 licere
157 4259 304 4335 disjungi:
327 4257 417 4330 Deus,
433 4258 485 4334 qui
505 4263 567 4314 tam
586 4257 742 4314 excellenti
762 4258 902 4333 mysterio
920 4257 1101 4333 conjugalem
1120 4258 1256 4333 copulam

52 4341 238 4413 consecrasti,
254 4346 290 4396 ut
304 4339 415 4396 Christi
438 4346 469 4397 et
492 4338 629 4396 Ecclesiae
653 4344 866 4395 sacramentum
891 4340 1081 4414 praesignares
1102 4338 1135 4394 in
1148 4339 1256 4397 foedere

34 4424 245 4500 nuptiarum:
274 4420 365 4497 Deus,
388 4440 441 4496 per
462 4440 549 4498 quem
571 4419 679 4477 mulier
698 4419 837 4498 jungitur
859 4420 934 4492 vire,
952 4429 982 4477 et
1003 4419 1126 4497 societas
1149 4420 1258 4496 princi-
