2910 4904
130 308 170 368 28
597 305 692 369 Festo
713 302 858 389 Aprilis,

189 472 371 530 Coruncanio.

188 553 264 610 Ecce
291 554 373 629 virgo
401 553 553 630 concipiet,
582 559 613 609 et
639 552 735 628 pariet
759 551 866 623 filium,
891 557 922 609 et
949 551 1104 608 vocabitur
1130 551 1195 627 ejus
1222 564 1332 608 nomen

127 633 310 691 Emmanuel.

189 724 242 806 [In
256 737 377 802 lantpero
392 727 537 795 Peccandi,
551 725 700 802 Alleluya,
717 724 982 800 alleluya—MSS.
999 725 1035 795 B,
1052 723 1085 796 O,
1099 725 1159 782 and
1173 721 1227 804 D.]

187 809 429 866 Poatconamuac'o.

187 889 322 947 Gratiam
335 895 428 960 tuam,
443 909 619 965 quaesumus
634 888 770 955 Domine,
784 887 935 944 mentibus
950 886 1058 943 nostris
1078 886 1210 958 infunde,
1226 885 1331 961 utqui

126 970 230 1044 angelo
262 972 419 1027 nuntiante
448 971 560 1028 Christi
592 969 663 1026 Filii
694 970 741 1025 tui
775 969 1013 1025 Incarnationem
1049 967 1249 1043 cognovimus,
1277 985 1331 1042 per

127 1050 297 1107 Passionem
311 1053 374 1127 ejus
387 1057 418 1108 et
436 1052 560 1109 Crucem
579 1050 616 1107 ad
634 1050 854 1106 resurrectionis
876 1049 1001 1126 gloriam
1024 1049 1229 1125 perducamur.
1272 1047 1333 1105 Per

127 1131 260 1189 eundem.

241 1340 353 1398 Sasuri
373 1341 539 1410 Anrnosrr,
562 1357 697 1398 nrrscorr
719 1357 757 1397 ΕΤ
777 1356 924 1398 nocroms
945 1357 985 1396 ΕΤ
1006 1356 1213 1400 conrsssosrs

581 1437 673 1517 (Prid.
690 1437 722 1494 N
723 1458 769 1495 on.
786 1437 875 1515 Apr.)

188 1587 329 1662 Officium.
373 1589 412 1644 In
427 1588 523 1645 medio
537 1588 672 1645 ecclesiae.

189 1670 299 1726 Oratio.
343 1670 399 1737 Da,
414 1689 588 1746 quaesumus

186 1750 327 1825 Epistola.
373 1751 447 1807 Ecce
462 1751 593 1807 sacerdos
607 1769 741 1824 magnae,
763 1750 815 1826 qui
829 1750 861 1806 in
875 1750 939 1808 vita
953 1770 1012 1808 sua.

188 1830 323 1888 Gradnle.
367 1832 442 1888 Ecce
456 1832 588 1888 sacerdos
602 1851 732 1906 magnus

188 1913 319 1971 Tractus
363 1913 474 1969 Beatus
488 1913 542 1968 vir.

186 1992 221 2051 Si
238 2002 303 2068 post
316 1993 432 2051 Porclaca
456 1993 586 2063 evenerit,
605 1993 739 2068 primum
758 1994 907 2069 Alleluya.
957 1993 987 2053 V.
1010 1993 1032 2051 J
1033 2000 1117 2051 ustus
1130 1995 1318 2070 germinabit.

187 2072 354 2131 Secundum
374 2074 523 2149 Alleluya.
573 2073 601 2131 V.
626 2074 763 2130 Surrexit
785 2074 941 2146 Dominus,
957 2083 988 2133 et
1001 2095 1164 2147 occurrens,
1180 2085 1215 2133 ut
1228 2095 1330 2153 supro.

185 2153 349 2228 Sequentia.
392 2155 489 2211 Adest
502 2155 595 2226 nobis,
610 2165 644 2211 ut
658 2156 692 2211 ia
708 2155 874 2216 Communi.

186 2236 387 2309 Evaayeliana
432 2237 496 2292 Vos
511 2236 581 2292 estis
595 2236 649 2292 lux
662 2237 767 2293 muudi
781 2239 924 2312 usquead
944 2238 1042 2314 quiin
1056 2238 1134 2295 caelis
1147 2245 1199 2296 est.

188 2315 289 2373 Credo.

188 2397 380 2471 Offirtoraum.
423 2397 552 2454 Veritas

187 2479 368 2538 Communia
412 2480 548 2551 Domine,
564 2480 702 2555 quinque.

188 2729 374 2786 Sancronuu
396 2744 569 2786 uasrrnuu
590 2729 737 2786 Trnuarrr
758 2746 796 2785 ΕΤ
817 2730 998 2787 Vannamur
1019 2748 1057 2788 ΕΤ
1078 2731 1271 2789 lllaxrumrr.

591 2826 686 2905 (xviii.
704 2828 774 2886 Kal.
791 2828 878 2905 Mai.)

189 2933 328 3007 Qfflcirrm.

187 3015 289 3071 Sancti
301 3013 356 3084 tui,
369 3014 506 3086 Domine,
517 3015 690 3072 benedicent
705 3021 753 3087 te,
773 3015 896 3091 gloriam
911 3016 994 3093 regni
1007 3017 1054 3073 tui
1064 3017 1171 3088 dicent,
1180 3017 1316 3096 alleluya

187 3106 333 3164 Paulusne.

187 3188 333 3244 Exultabo
346 3194 386 3260 tc,
401 3189 483 3245 Deus
497 3208 579 3246 meus
601 3209 673 3262 rex,
702 3197 732 3247 et
753 3190 925 3247 benedicam
946 3190 1062 3247 nomini
1078 3197 1131 3248 tuo
1144 3191 1177 3248 in
1192 3191 1332 3251 saeculum

128 3269 234 3328 saeculi.

190 3349 298 3409 Oratio.

187 3431 307 3493 Praesta.
330 3451 503 3506 quaesumus,
528 3433 713 3509 omnipotens
734 3433 825 3501 Deus,
846 3439 881 3490 ut
902 3433 954 3508 qui
974 3438 1143 3490 sauctorum
1163 3440 1331 3511 martyrum

125 3520 246 3569 tuorum
273 3512 403 3569 Tiburtii
428 3521 459 3570 et
486 3514 641 3571 Valeriani
669 3525 699 3572 et
730 3514 858 3571 Maximi
888 3515 1041 3572 sollemnia
1069 3514 1201 3587 colimus,
1230 3535 1331 3574 eorum

126 3593 217 3650 etiam
239 3593 365 3650 virtutes
386 3594 546 3652 imitemur.
590 3595 655 3652 Per.

187 3686 328 3761 Epistola.
372 3687 489 3764 Lingua
509 3689 696 3764 sapientium.

187 3767 336 3842 Alleluya.
388 3768 415 3826 V.
440 3769 542 3826 Sancti
556 3771 611 3841 tui,
627 3769 763 3840 Domine,
778 3769 960 3826 benedicent.

187 3848 336 3923 Alleluya.
384 3849 413 3906 V.
441 3851 481 3907 Iu
498 3851 547 3906 die
567 3851 786 3907 resurrectionis
804 3870 876 3907 mere
890 3850 963 3907 dicit
979 3849 1147 3923 Dominus,
1168 3851 1330 3927 precedam

126 3950 180 3987 vos
194 3929 226 3985 in
241 3929 402 3988 Galilaeam.

188 4023 390 4097 Euunyclium.
434 4024 549 4080 Videns
563 4026 665 4082 turbas
679 4025 700 4082 J
702 4045 775 4082 esus

189 4103 382 4178 Offertorium.
426 4105 592 4163 Laetamini.

181 4185 301 4243 Secreto.

189 4267 263 4324 Haec
297 4267 402 4338 hostia,
438 4287 614 4343 quaesumus,
650 4267 786 4340 Domine,
819 4286 908 4343 quam
941 4266 974 4323 in
1008 4273 1177 4326 sanctorum
1212 4274 1331 4327 tuorum

126 4347 271 4404 natalitiis
289 4354 471 4405 recensentes
487 4348 644 4420 offerimus,
660 4354 690 4405 et
707 4349 827 4407 vincula
848 4353 956 4405 nostrae
972 4349 1128 4425 pravitatis
1141 4349 1287 4421 absolvat,
1302 4355 1330 4408 et

128 4435 188 4485 tuae
202 4429 287 4486 nobis
300 4430 506 4488 misericordias
521 4430 597 4486 dona
611 4429 753 4487 conciliet.
797 4430 863 4488 Per.
