2910 4904
204 308 266 372 168
562 302 670 369 Missa
688 325 754 390 pro
776 304 1036 371 Fcnailioribaa

263 482 447 542 Communia.

260 567 369 636 Amen,
383 565 448 622 dico
468 565 572 623 vobis:
592 564 733 643 quicquid
747 572 865 624 orantes
883 565 994 642 petitis,
1010 566 1121 624 credite
1144 566 1216 643 quia
1235 568 1391 647 accipietis
1403 592 1428 633 τ.

199 652 231 703 et
243 645 296 703 fiet
310 645 401 703 vobis.

259 737 503 798 Poatcommanio.

259 818 423 891 Sumentes,
439 819 577 891 Domine,
602 826 751 896 perpetuae
773 825 955 877 sacramenta
978 819 1091 891 salutis,
1108 825 1191 877 trram
1210 821 1409 899 deprecamur

196 900 391 1036 (ilementum,
406 908 441 958 ut
456 919 509 977 per
522 920 557 958 ea
570 902 716 958 famulum
730 907 817 958 tuum
830 900 881 973 N,
896 901 934 956 ab
949 900 1030 956 omni
1049 901 1230 960 adversitate
1243 904 1405 963 custodias

225 1000 265 1038 er.

577 1177 680 1234 Musa
700 1192 759 1234 rao
780 1175 1016 1235 Fsummmnos.

256 1257 397 1332 Officium.

252 1339 338 1396 Salus
365 1337 468 1414 populi
495 1357 548 1415 ego
572 1358 646 1410 sum,
666 1338 740 1395 dicit
759 1337 924 1410 Dominus,
952 1338 989 1395 de
1011 1357 1186 1415 quacunque
1206 1340 1405 1401 tribulatione

190 1420 383 1477 clamaverint
397 1419 504 1490 adme,
519 1419 676 1477 exaudiam
690 1438 748 1489 eos,
760 1424 791 1475 et
805 1438 854 1476 ero
868 1419 989 1476 illorum
1003 1419 1152 1477 Dominus
1164 1420 1197 1477 in
1211 1428 1401 1500 perpetuum.

250 1511 291 1570 In
306 1522 428 1589 tempore
441 1512 589 1584 Paacbuli,
604 1511 752 1588 Alleluya,
767 1510 902 1588 alleluya.

228 1606 408 1780 {tidindigte
421 1686 529 1763 popule
543 1706 627 1744 meus
640 1687 735 1764 legem
749 1704 845 1743 meam
859 1705 864 1742 :
886 1685 997 1742 inclina
1007 1705 1106 1744 aurem
1122 1694 1254 1746 vestram
1267 1688 1303 1747 in
1311 1690 1404 1749 verba

192 1786 251 1824 ons
265 1787 331 1828 meu
1214 1797 1217 1803 ¹

253 1858 364 1918 Oratio·

246 1940 337 2006 Deua,
360 1939 413 2015 qui
427 1939 559 1996 caritatis
573 1941 651 1996 dona
674 1959 728 2015 per
751 1941 879 2016 gratiam
894 1939 997 1997 Sancti
1019 1940 1150 2016 Spiritus
1170 1948 1297 2001 tuorum
1310 1946 1402 2003 corda

185 2019 317 2078 fidelium
338 2020 485 2089 infudisti,
508 2021 546 2077 da
569 2020 689 2077 famulis
710 2021 771 2077 tuis
793 2027 823 2078 et
846 2021 1015 2078 famulabus
1036 2022 1097 2078 tuis
1118 2042 1172 2099 pro
1187 2024 1300 2100 quibus
1313 2032 1399 2085 tuam

184 2102 376 2176 deprecamur
390 2100 585 2173 clementiam,
599 2101 725 2159 salutem
748 2102 858 2159 mentis
878 2109 908 2158 et
929 2103 1068 2178 corporis,
1084 2110 1119 2160 ut
1142 2110 1173 2160 te
1195 2110 1261 2163 tota
1280 2106 1398 2167 virtute

183 2182 317 2258 diligant,
330 2188 362 2240 et
371 2202 436 2258 quae
445 2182 502 2238 tibi
512 2182 619 2258 placita
631 2188 702 2239 sunt
712 2188 776 2239 tota
786 2183 944 2240 dilectione
952 2183 1114 2260 perficiant.
1148 2184 1209 2242 Per
1216 2184 1395 2249 Dominum.

186 2262 224 2320 ln
239 2264 354 2322 unitate
369 2263 508 2339 ejusdcm.

242 2363 338 2420 Lectio
353 2362 421 2420 libri
434 2361 587 2437 Sapientia
597 2361 727 2438 (Euctus.
743 2363 838 2419 annot.
858 2361 945 2438 1-10)
1182 2438 1184 2443 ,

242 2443 385 2501 Miserere
398 2443 494 2500 nostri
507 2463 598 2518 usquc
612 2445 653 2500 cd
666 2443 816 2500 mirabilia
829 2450 891 2514 tua,
908 2443 1037 2500 Domine
1052 2444 1134 2502 Deus
1147 2451 1258 2505 noster.

246 2536 380 2595 Grndnle.

242 2617 394 2694 Propitius
416 2623 489 2691 estc,
505 2617 642 2689 Domine,
668 2614 945 2694 peccatisnostris:
967 2636 1064 2693 neque
1078 2618 1179 2676 dicant
1202 2626 1319 2698 gentes,
1341 2624 1395 2683 ubi

183 2705 228 2755 est
242 2698 323 2756 Deus
337 2719 446 2756 eorum.

185 2780 210 2835 V.
234 2780 357 2855 Adjuva
371 2800 433 2852 neS,
450 2778 532 2836 Deus
546 2778 809 2837 salutarisnoster:
832 2784 862 2836 et
883 2785 1005 2855 prepter
1024 2780 1167 2838 honorem
1186 2782 1320 2843 nominis
1333 2786 1389 2861 tui,

184 2860 321 2932 Domine,
336 2861 429 2917 libera
442 2879 504 2917 nos.

237 2941 386 3016 Alleluya.
450 2940 477 2998 V.
516 2940 645 2997 Ostende
673 2940 767 3011 nebia,
796 2940 933 3012 Domine,
963 2941 1195 3017 misericordiam
1221 2950 1327 3005 tuam:
1357 2954 1389 3007 et

181 3021 310 3078 salutare
324 3028 410 3079 tuum
425 3022 463 3077 da
473 3021 565 3078 nobis.
1118 3037 1122 3043 '

236 3102 385 3178 Alleluya.
441 3102 471 3160 V.
495 3101 554 3169 Qui
581 3106 667 3158 sanat
694 3102 837 3159 contritos
864 3102 967 3160 corde:
999 3110 1030 3160 et
1056 3104 1160 3181 alligat
1189 3108 1386 3167 contritiones

179 3201 289 3239 eorum.

237 3275 404 3333 affectandum
417 3276 556 3333 Marcum
570 3274 639 3353 (xii.
657 3274 776 3351 41-44)

232 3357 271 3412 In
284 3357 336 3413 illo
351 3363 491 3434 tempore,
503 3356 613 3414 Sedens
627 3357 648 3414 J
650 3376 716 3413 esus
730 3362 834 3413 contra
841 3353 1088 3434 {gazophylacium
1106 3379 1198 3435 imque
1211 3362 1255 3419 cd
1269 3362 1383 3421 victum

168 3456 262 3494 suum.

231 3532 426 3607 Offlrtoriant.
471 3534 597 3611 Sperent
610 3535 643 3591 in
657 3541 696 3608 te,
711 3543 745 3590 ut
759 3553 859 3609 ἄορνα.

228 3641 253 3698 b‘
344 3687 350 3700 .

225 3651 378 3793 liiididre,
394 3743 572 3799 quaesumusi,
589 3724 726 3795 Domino,
742 3724 862 3781 famulis
876 3731 907 3782 et
927 3726 1094 3785 famulabus
1108 3728 1178 3802 tuis,
1193 3749 1250 3805 pro
1269 3732 1379 3808 quibus

170 3806 223 3861 hcc
251 3804 427 3861 sacrificium
454 3805 550 3862 laudis
577 3811 637 3862 tuae
665 3805 816 3862 offerimus
844 3808 1016 3882 majestati:
1043 3815 1079 3865 ut
1105 3828 1158 3885 per
1185 3810 1250 3870 haec
1276 3820 1381 3873 sancta

167 3906 302 3979 supernae
317 3886 530 4023 beneIdictionis
543 3885 670 3962 gratiam
684 3886 850 3960 obtineant,
866 3896 896 3945 et
910 3888 1036 3964 gloriam
1050 3895 1169 3948 aeternae
1183 3892 1382 3955 beatitudinis

168 3974 331 4043 acquirant.
403 3986 441 4025 er.

227 4075 410 4135 Communia
454 4076 562 4147 Amen,
579 4076 653 4149 dico,
668 4085 702 4132 ut
715 4096 815 4151 supra.

225 4186 469 4244 Poatcommuaia

220 4267 332 4324 Divina
342 4268 470 4324 libantes
483 4267 632 4340 mysteria,
650 4285 827 4342 quaesumus,
835 4266 979 4338 Domine,
994 4273 1029 4325 ut
1043 4267 1106 4326 baec
1119 4269 1265 4331 salutaria
1278 4292 1375 4333 sacra

162 4352 261 4404 menta
274 4347 333 4404 illis
346 4348 503 4423 proficiant
517 4347 554 4404 ad
568 4348 794 4423 prosperitatem
809 4357 839 4406 et
848 4367 958 4425 pacem,
974 4368 1028 4424 pro
1042 4369 1170 4426 quorum
1184 4372 1375 4435 quarumque

160 4427 317 4485 dilectione
331 4429 392 4486 haec
405 4436 465 4487 tuoe
480 4428 644 4486 obtulimus
659 4430 815 4506 majestati.
859 4429 918 4485 Per
932 4429 1104 4488 Dominum
