2910 4904
292 294 406 360 Missae
421 293 460 358 de
477 293 795 358 Cornnienioratione
811 293 910 359 beatae
924 293 1058 359 Maria.
1213 299 1273 362 161

132 461 337 536 Euanqetium.
381 461 494 519 Missus
508 460 654 538 Angelus,
664 461 779 536 require
793 460 883 520 Feria
896 470 1077 538 quartapost
1087 461 1276 520 Dominiearn

73 543 192 600 tertiam
202 542 354 600 Adventus
368 543 501 602 Domini.

135 622 329 697 Offertoriurn.
372 626 449 696 Ave,
465 622 565 680 Maria
578 624 675 698 gretia
688 623 782 699 plena.

132 703 254 763 Secreta.

132 784 172 842 In
185 784 335 842 mentibus
349 784 467 858 nostrie,
483 804 660 861 quaesumus,
676 784 814 856 Domine,
828 803 906 841 verae
920 783 990 841 fidei
1004 790 1186 843 sacramenta
1200 805 1267 843 eon-

70 866 157 923 firme
170 885 179 938 3
202 871 237 923 ut
250 866 304 942 qui
317 872 489 941 conceptum
504 866 541 923 de
562 865 678 942 virgine
693 865 791 923 Deum
806 884 911 923 verum
932 873 962 923 et
983 864 1134 923 hominem
1147 866 1267 924 confite-

70 967 145 1019 mur,
175 966 228 1022 per
261 946 392 1023 ejusdem
426 946 587 1004 salutiferae
613 945 838 1004 resurrectionis
865 946 1030 1024 potentiam
1058 947 1100 1021 ¹ad
1129 952 1272 1004 aeternam

71 1046 239 1085 mereamur
257 1027 413 1103 pervenire
426 1027 570 1084 laetitiam.
616 1027 683 1096 Qui.

133 1107 284 1182 Proefatio.
327 1108 369 1165 Et
382 1113 413 1165 te
427 1108 459 1165 in
474 1107 672 1166 veneratione.

132 1188 313 1248 Communia.
358 1189 433 1246 Ecce
446 1188 539 1265 virgo.

130 1269 375 1327 Poeteornrnunio.

130 1349 266 1408 Gratiam
287 1357 379 1421 tuam,
404 1369 580 1426 quaesumus
604 1349 743 1420 Domine,
768 1349 918 1406 mentibus
940 1350 1049 1407 nostris
1074 1349 1198 1407 infunde
1208 1370 1217 1422 3
1231 1357 1266 1407 ut

70 1431 128 1508 qui,
144 1432 249 1508 angelo
263 1432 431 1500 nuntiante,
445 1430 557 1488 Christi
580 1430 653 1486 Filii
675 1431 722 1486 tui
744 1430 979 1488 incarnationem
1000 1431 1199 1506 cognovimus,
1214 1450 1268 1506 per

69 1513 234 1588 passionem
247 1513 312 1588 ejus
326 1517 356 1570 et
380 1531 496 1568 crucem
517 1511 556 1568 ad
577 1511 800 1568 resurrectionis
821 1510 945 1587 gloriam
959 1512 1162 1586 perducamur.
1207 1513 1267 1570 Per

69 1593 202 1652 eundem.

369 1772 419 1828 Dr
440 1788 576 1830 ouumus
599 1771 726 1829 Seuerus
748 1788 781 1827 iu
802 1773 964 1829 Anvuurn

127 1852 239 1912 Oratio.

125 1933 328 1991 Conscientiae
355 1938 479 2003 nostras,
509 1952 685 2009 quaesumus,
715 1933 852 2003 Domine,
878 1932 1027 1990 visitando
1055 1933 1195 2009 purifica:
1226 1942 1262 1991 ut

65 2016 186 2072 veniens
199 2015 220 2072 J
222 2034 288 2072 esus
303 2014 438 2072 Christus
451 2013 546 2070 Filius
560 2021 630 2070 tuus
645 2014 792 2071 Dominus
806 2019 907 2071 noster
921 2033 988 2070 cum
1003 2014 1139 2071 omnibus
1153 2016 1261 2072 sanctis

65 2103 199 2172 paratam
213 2096 271 2152 sibi
284 2096 316 2151 in
330 2095 415 2151 nobis
428 2094 563 2152 inveniat
573 2095 763 2154 mansionem.
807 2094 867 2163 Qui
876 2100 983 2152 tecum.

123 2175 247 2234 Secreta.

123 2258 258 2327 Hostias,
280 2257 346 2326 tibi,
362 2257 499 2329 Domine,
514 2256 546 2313 in
567 2256 712 2313 Adventu
733 2255 858 2312 Domini
881 2255 976 2313 nostri
989 2256 1011 2313 J
1013 2275 1064 2313 esu
1079 2255 1192 2313 Christi
1206 2277 1259 2333 pro

64 2338 197 2396 omnium
231 2343 401 2395 sanctorum
434 2344 554 2396 tuorum
589 2336 865 2394 commemoratione
897 2337 1054 2409 offerimus,
1087 2338 1259 2414 suppliciter

62 2419 259 2496 deprecantes,
274 2425 310 2476 ut
323 2419 539 2496 indulgentiam
552 2417 637 2476 nobis
650 2418 763 2493 pariter
773 2407 926 2474 conferant
939 2424 969 2474 et
983 2419 1114 2475 salutem.
1159 2419 1225 2475 Per.

121 2500 365 2558 Posteornrnunio.

119 2581 341 2639 Benedictionis
363 2586 432 2651 tuae,
448 2579 584 2651 Domine,
599 2578 682 2654 plebs
695 2578 752 2635 tibi
773 2579 879 2635 devota
901 2583 1032 2655 reportet
1052 2579 1201 2655 gaudium,
1220 2588 1254 2637 ut

59 2663 140 2737 quod
153 2663 184 2718 in
199 2663 344 2719 Adventu
358 2660 482 2718 Domini
492 2661 586 2716 nostri
600 2660 622 2717 J
624 2679 676 2717 esu
690 2659 802 2716 Christi
824 2659 933 2716 sanctis
951 2659 1012 2718 tuis
1026 2661 1161 2716 omnibus
1175 2661 1255 2717 exhi-

58 2744 125 2800 buit
139 2742 294 2820 temporali
308 2742 437 2812 servitio,
453 2741 576 2816 perenni
589 2741 726 2817 praesidio
741 2747 943 2816 consequatur.
986 2740 1045 2797 Per
1059 2741 1191 2797 eundem.

108 2992 159 3048 Du
179 2990 310 3048 Donum
329 3007 370 3047 ne
391 2990 523 3048 Ocrnvrs
545 2987 730 3044 Errrnnula
752 3003 850 3054 usone
870 3001 912 3042 An
933 2985 1208 3045 Pumrronrmunn.

118 3126 261 3202 Officium.
303 3125 397 3197 Salve,
413 3130 638 3199 sancteparens

115 3208 263 3266 Paulinus.
310 3207 382 3276 Quae
396 3205 538 3282 gaudium
552 3205 664 3260 matris.

115 3288 277 3445 8ζῖιεῖοᾷΠὶ
289 3367 392 3425 salutis
413 3372 530 3423 aeternae
550 3366 643 3422 beatae
664 3365 769 3421 Mariae
790 3364 963 3440 virginitate
981 3364 1107 3421 fecunda
1121 3364 1251 3422 humano

57 3451 155 3528 generi
168 3450 290 3527 praemia
303 3447 469 3525 praestitisti
482 3466 492 3519 3
515 3447 622 3518 tribue,
637 3465 814 3521 quaesumus,
829 3451 864 3501 ut
878 3445 972 3521 ipsam
992 3465 1046 3520 pro
1059 3445 1145 3522 nobis
1159 3446 1250 3503 inter-

59 3533 155 3590 cedere
168 3532 339 3602 sentiamus,
350 3549 403 3605 per
413 3548 501 3605 quam
512 3527 673 3584 meruimus
684 3532 833 3585 auctorem
842 3525 912 3582 vitae
921 3526 1075 3602 suscipere,
1087 3526 1252 3584 Dominum

60 3619 190 3671 nostrum
203 3613 225 3670 J
227 3631 309 3668 esum
324 3610 476 3668 Christum
489 3609 599 3665 Filium
610 3614 704 3664 tuum.
749 3607 808 3676 Qui
819 3612 923 3674 tecum.

113 3693 392 3842 SiitSeSStgdanm
417 3776 549 3846 tempore
573 3771 657 3826 heres
678 3768 820 3845 parvulus
845 3772 901 3840 est,
923 3788 1017 3842 quiere
1038 3767 1071 3826 in
1091 3769 1248 3826 Doniinica

63 3854 135 3929 infra
154 3857 276 3914 Oetaeas
289 3853 464 3910 Natiuitatis
478 3851 607 3908 Domini.

114 3935 248 3993 Crudele.
292 3934 453 3991 Benedicta
467 3938 498 3990 et
512 3931 687 3989 venerabilis
701 3950 739 3988 es.

68 4013 89 4072 V.
110 4016 215 4094 Virgo,
231 4015 289 4072 Dei
302 4014 440 4090 genitrix.

111 4098 259 4173 Alleluya.
309 4094 338 4152 V.
362 4094 421 4151 Per
433 4100 473 4165 te,
493 4093 551 4149 Dei
565 4092 707 4168 genetrix,
723 4091 809 4149 nobis
823 4097 868 4148 cst
881 4092 945 4148 vita
958 4092 1073 4168 perdita
1087 4092 1164 4161 data,
1180 4113 1245 4168 quoe

63 4173 89 4233 de
101 4179 168 4237 caelo
183 4177 340 4254 suscepisti
351 4175 463 4252 prolem
477 4180 507 4230 et
520 4173 631 4230 mundo
644 4173 774 4248 genuisti
786 4173 971 4230 salvatorem.

109 4259 273 4336 Sequentia.
316 4255 526 4326 LaetabunduS,
540 4263 574 4310 ut
587 4253 672 4327 infra
685 4253 887 4313 Nativitatem.

109 4342 179 4398 Atia
193 4337 358 4415 Sequentia.
402 4336 475 4394 Post
489 4340 616 4411 partum.

109 4422 179 4480 Alia
192 4419 358 4497 Sequentia.
401 4417 493 4475 Alma
507 4416 573 4488 Dei,
588 4415 669 4473 utin
684 4413 848 4475 Communi.

90 4519 155 4561 vot.
170 4518 205 4560 11.
600 4513 625 4554 M
