2910 4904
482 350 578 416 Festo
599 350 802 416 Novembris.

268 540 411 598 Sucuuno
432 558 485 597 nm
507 557 599 598 mrim
621 542 768 599 Ooravas
814 541 904 618 (Non.
921 542 1013 620 Nov.)

100 651 241 727 Officium.
287 654 456 711 Sacerdotes
470 655 535 712 Dei.

97 733 239 808 Irpiamdt.
283 735 376 792 Dedit
390 735 537 792 Dominus
551 736 767 793 confessionem.

100 815 235 872 Gradale.
279 816 353 873 Ecce
368 817 507 873 sacerdos,

97 895 247 971 Alleluya.
297 896 326 954 V.
351 897 410 954 Hic
425 897 583 954 Martinus,

98 976 299 1050 anaqeliam.
343 978 430 1034 Misit
443 978 465 1034 J
467 998 531 1035 esus
545 978 697 1035 duodecim
711 979 875 1054 discipulos

100 1056 290 1129 Offertoriuar.
334 1058 462 1115 Veritas.

99 1137 281 1196 Communia.
325 1139 421 1196 Semel
429 1139 539 1215 juravi.

172 1293 285 1350 Snuorr
306 1293 417 1360 Brucn,
438 1310 571 1352 rrrscom
592 1310 629 1351 nr
650 1309 853 1353 corrnssorrs.
895 1296 986 1371 (Non.
1003 1298 1095 1376 Nov.)

99 1405 238 1480 Officium.
283 1407 404 1464 Statuit.
460 1420 462 1424 “

97 1487 206 1544 Oratio.
251 1488 307 1559 Da,
322 1508 495 1563 quaesumus.

95 1565 236 1643 Epistodr.
281 1569 385 1626 Omnis
398 1570 540 1644 pontifex.

96 1648 231 1707 Grudale.
275 1649 410 1720 Domine,
425 1650 603 1725 praevenisti.

94 1730 244 1806 Alleluya.
294 1731 322 1790 V.
346 1731 437 1787 Posui
450 1732 638 1806 adjutorium.

90 1811 292 1885 Evoaqelium.
335 1811 469 1887 Vigilate
483 1812 553 1886 quia
565 1812 693 1869 nescitis.

95 1890 289 1964 offertorium.
333 1892 440 1949 Inveni
456 1892 561 1950 David.

95 1971 277 2031 Communia.
321 1973 431 2031 Fidelis
445 1993 551 2030 servus

106 2145 220 2203 Snuorr
242 2145 400 2211 Maeuurr,
423 2160 556 2203 rrrscorr
578 2163 615 2202 rr
636 2162 839 2203 conmissurus,
882 2146 965 2221 (xvii.
983 2147 1051 2204 Kal.
1069 2147 1153 2226 Dec.)

94 2259 235 2334 Officium.
280 2259 449 2316 Sacerdotes
464 2261 535 2335 ejus.

94 2341 203 2398 Oratio.
248 2341 304 2411 Da,
319 2360 493 2416 quaesumus,

91 2421 234 2496 Eparoa.
271 2422 346 2478 Ecce
357 2422 488 2478 sacerdos
499 2440 622 2497 magnus
632 2420 685 2496 qui
698 2420 730 2477 in
741 2421 842 2480 diebus
856 2423 915 2480 suis
926 2423 1037 2498 placuit
1048 2424 1112 2481 Deo
1123 2424 1225 2482 Israel.

93 2501 229 2560 Grudule.
272 2502 401 2559 Juravit.

92 2583 242 2658 Alleluya.
293 2583 322 2640 V.
346 2583 494 2659 Disposui.

91 2664 294 2738 Evorrpclium.
340 2664 398 2732 Qui
411 2683 463 2720 vos
477 2664 568 2722 audit.

92 2744 288 2818 offertorium.
331 2745 440 2802 Inveni
453 2745 560 2801 David.

91 2824 272 2884 Gorarauaio
316 2826 452 2896 Domine,
467 2826 605 2902 quinque.

77 3007 187 3065 Surcrr
209 3007 369 3078 Enuurm,
391 3023 619 3065 Aacurrrrscom
642 3024 679 3063 nr
700 3022 906 3077 corrussoars
930 3007 1183 3067 Oarruramrsrs,

502 3099 573 3172 (xvi.
590 3100 659 3157 Kal.
676 3100 759 3175 Dec.)

93 3181 234 3257 Officiosus.
278 3180 398 3237 Statuit.

93 3263 201 3320 Oratio.

91 3343 179 3414 Deus,
195 3342 248 3418 qui
262 3342 403 3418 largifluae
417 3341 557 3399 bonitatis
578 3341 698 3398 consilio
719 3342 869 3399 ecclesiam
882 3348 966 3399 tuam
980 3343 1059 3400 beati
1073 3344 1225 3401 Edmundi

49 3423 199 3481 confessoris
226 3423 274 3480 tui
300 3429 389 3498 atque
415 3423 562 3498 pontificis
586 3424 731 3498 praeclarae
766 3424 836 3480 vitas
864 3424 977 3480 meritis
1005 3424 1157 3493 decorasti,
1193 3432 1223 3482 et

48 3500 157 3572 gloriosis
172 3504 332 3562 laetificasti
347 3504 514 3576 miraculis,
536 3505 660 3562 concede
680 3504 765 3560 nobis
778 3504 896 3561 famulis
909 3506 978 3575 tuis
993 3510 1028 3560 ut
1042 3511 1072 3562 et
1086 3506 1177 3580 ipsius
1191 3507 1224 3562 in

49 3584 132 3642 melius
144 3586 341 3643 reformemur
354 3585 504 3661 exemplis
519 3590 549 3642 et
570 3586 608 3643 ab
629 3585 765 3643 omnibus
786 3587 848 3661 ejus
861 3586 1022 3661 patrocinio
1036 3592 1224 3663 protegamur

49 3662 164 3724 adversis.
210 3666 275 3723 Per.

92 3747 229 3823 Epistola.
273 3747 348 3804 Ecce
362 3747 500 3805 sacerdos,

93 3828 224 3886 Gradul.
269 3828 378 3885 Inveni
391 3829 497 3886 David.

90 3910 237 3985 Alleluya.
287 3910 315 3967 V.
339 3909 446 3966 Justus
459 3908 642 3984 germinabit.

90 3989 252 4065 Sequentia.
296 3990 394 4046 Adest
407 3989 499 4060 nobis,
514 3991 547 4045 ut
560 3990 594 4046 ia
609 3989 770 4048 Corruauai.

89 4072 289 4146 Ecurrqelium.
333 4071 433 4127 Homo
448 4072 567 4147 quidam
581 4091 707 4147 peregre.

90 4152 282 4226 Offirtorium.
327 4151 457 4210 Veritas,

87 4233 207 4291 Secreta.

87 4314 206 4385 Votiva,
223 4314 361 4384 Domine,
376 4315 515 4389 mysteria
529 4314 635 4371 devota
655 4319 754 4370 mente
775 4319 936 4370 tractamus
956 4313 1050 4370 sancti
1072 4312 1224 4370 Edmundi

42 4395 196 4453 assessoris
210 4397 257 4452 tui
271 4400 362 4470 atque
382 4395 529 4470 pontificis
552 4395 704 4452 sollemnia
726 4394 913 4465 celebrantes,
929 4414 979 4471 per
993 4414 1080 4469 quem
1094 4393 1177 4451 nobis
1192 4398 1226 4452 et

42 4478 194 4537 raesidium
209 4482 321 4536 crescat
335 4483 366 4534 et
379 4476 525 4552 gaudium.
569 4475 633 4533 Per.
