2910 4904
336 347 457 411 11111111
474 346 581 430 Offices
598 347 691 432 frum
706 346 755 410 1111
769 347 906 432 Banpor
921 349 1110 434 Pontificat.
1256 353 1318 415 335

189 514 327 590 Corporis
346 520 378 570 et
391 513 543 588 sanguinis
555 513 610 584 tui,
626 513 749 570 Domini
768 514 789 571 J
791 534 842 571 esu
864 514 990 586 Christe,
1005 523 1219 588 sacramentum
1240 515 1320 592 quod

124 596 197 653 licet
209 595 349 671 indignus
368 595 487 671 accipio,
502 613 562 650 non
581 595 620 650 sit
640 594 715 651 1111111
730 595 843 669 judicio
864 615 917 653 nec
934 596 1180 668 condemnationi,
1202 598 1252 655 sed
1267 603 1320 656 tua

126 677 221 754 prosit
235 677 346 751 pietate
360 676 488 750 corporis
502 676 560 731 mei
574 680 603 731 et
617 675 722 731 animae
736 675 825 732 saluti
838 677 870 732 in
883 677 976 734 vitam
991 684 1138 739 aeternam.
1180 678 1289 737 Amen.

190 775 251 831 Hic
263 774 342 831 dicat
356 773 494 830 Sacerdos
507 773 548 829 ad
563 772 676 847 Corpus
690 783 846 848 antequam
854 775 1000 850 percipiat
1011 800 1021 835 .·

189 855 304 912 Aveia
318 861 469 923 aeternum,
484 853 666 910 sanctissima
687 873 761 923 carc,
775 855 851 911 mihi
870 862 938 912 ante
959 859 1057 914 omnia
1077 863 1108 914 et
1121 876 1208 934 super
1221 857 1321 914 omnia

126 956 245 992 summa
258 935 388 991 dulcedo
431 934 544 1009 Corpus
566 934 688 990 Domini
708 936 802 992 nostri
815 935 837 992 J
838 955 889 992 esu
911 936 1023 995 Christi
1036 939 1075 994 sit
1088 939 1163 994 mihi
1175 939 1321 1015 peccatori

128 1018 178 1073 via
193 1023 224 1073 et
237 1017 307 1072 vita.
350 1017 455 1074 Amen.

193 1114 269 1170 Tam
277 1113 422 1188 percipiat
435 1133 501 1169 111111
515 1132 623 1186 1111191111
637 1112 788 1169 1111111111.

191 1211 241 1267 Ad
253 1210 439 1285 Sanquinena

190 1295 258 1348 Ave
281 1292 314 1347 in
337 1298 489 1361 aeternum,
504 1291 625 1347 caelestis
645 1297 741 1367 potus,
762 1292 837 1349 mihi
857 1300 925 1350 ante
946 1295 1045 1351 omnia
1065 1301 1095 1352 et
1115 1295 1321 1372 superomnia

128 1392 245 1430 summa
258 1372 388 1429 dulcedo.

191 1452 303 1528 Corpus
317 1461 347 1509 et
361 1452 512 1528 sanguinis
525 1451 648 1508 Domini
662 1454 757 1509 nostri
776 1453 798 1510 J
800 1473 850 1510 esu
872 1454 984 1512 Christi
1003 1455 1117 1532 prosint
1137 1456 1211 1513 mihi
1223 1475 1321 1533 pecca-

128 1535 189 1591 tori
202 1534 240 1590 ad
254 1533 415 1590 remedium
428 1534 461 1589 in
476 1533 567 1589 vitam
582 1539 728 1590 aeternam.
771 1535 878 1591 Amen.

191 1632 261 1688 Post
266 1632 398 1706 prinam
410 1629 587 1705 effusionem,
603 1631 682 1688 dicat
694 1655 703 1690 .·

192 1713 277 1781 Quod
302 1732 351 1769 ore
375 1712 561 1786 sumpsimus,
588 1711 724 1782 Domine,
753 1719 852 1770 mente
879 1713 1048 1789 capiamus;
1079 1726 1107 1773 et
1135 1716 1171 1772 de
1198 1735 1320 1775 munere

128 1793 285 1869 temporali
299 1795 352 1849 fiat
364 1793 448 1849 nobis
461 1792 623 1848 remedium
637 1793 847 1869 sempiternum
861 1795 894 1850 in
907 1795 1001 1851 vitam
1015 1801 1162 1866 aeternam.
1213 1800 1317 1857 Amen.

191 1891 261 1948 Post
274 1892 430 1948 secandam
445 1889 610 1962 effusionem
621 1913 630 1948 :

190 1971 266 2028 Haec
286 1991 339 2028 nos
359 1970 532 2041 communio,
548 1970 684 2042 Domine,
699 1979 805 2048 purget
827 1993 845 2028 a
865 1972 996 2042 crimine,
1012 1978 1043 2030 et
1063 1974 1185 2031 caelestis
1198 1974 1318 2032 remedii

128 2051 219 2109 iaciat
234 2071 294 2108 esse
307 2058 460 2108 consortes.
504 2050 562 2106 Per
575 2050 727 2108 Christum
742 2053 904 2109 Dominum
917 2062 1060 2110 nostrum.

192 2149 262 2206 Post
274 2149 389 2206 tertiata
399 2148 580 2222 1111111111111

191 2229 309 2286 Gratias
323 2229 379 2286 tibi
392 2249 455 2305 ago,
471 2227 608 2299 Domine,
619 2235 719 2286 sancte
733 2228 832 2302 Pater,
846 2230 1032 2306 omnipotens
1045 2237 1155 2288 aeterne
1168 2231 1259 2303 Deus,
1270 2233 1322 2309 qui

129 2331 177 2367 me
190 2310 317 2367 refecisti
331 2310 366 2366 de
379 2309 575 2366 sacratissimo
596 2328 714 2385 corpore
734 2317 765 2366 et
784 2311 927 2387 sanguine
942 2310 1013 2367 Filii
1026 2313 1072 2368 tui
1092 2311 1214 2368 Domini
1226 2313 1323 2371 nostri

128 2392 205 2448 Jesu
230 2391 362 2448 Christi:
391 2396 421 2447 et
441 2409 543 2466 precor
564 2396 599 2445 ut
619 2397 835 2447 sacramentum
854 2390 958 2448 salutis
977 2398 1094 2464 nostrae,
1109 2393 1188 2467 quod
1209 2393 1322 2468 sumpsi

128 2472 270 2546 indignus
280 2477 421 2546 peccator,
432 2490 492 2527 non
501 2471 603 2527 veniat
610 2470 685 2526 mihi
692 2469 730 2527 ad
739 2471 885 2547 judicium
893 2472 1037 2547 nequead
1049 2473 1321 2532 condemnationem
1340 2510 1343 2514 Δ

129 2572 183 2630 pro
207 2552 320 2608 meritis
343 2553 424 2622 meis,
448 2550 498 2607 sed
522 2551 559 2607 ad
579 2552 740 2628 perfectum
762 2553 891 2628 corporis
914 2553 973 2610 mei
994 2561 1025 2611 et
1047 2553 1151 2610 animae
1174 2553 1207 2610 in
1227 2554 1321 2612 vitam

129 2640 271 2690 aeternam
284 2652 337 2708 pro
352 2632 550 2689 misericordia
564 2638 625 2688 tua.
667 2633 774 2691 Amen.

191 2731 263 2788 Post
275 2730 460 2805 expletionem
473 2729 574 2787 Missae
593 2730 673 2787 dicat
686 2729 826 2788 Sacerdos
835 2754 845 2789 .·
1282 2804 1284 2810 Ι

190 2810 311 2868 Placeat
323 2811 380 2867 tibi
395 2810 503 2868 Sancta
521 2810 661 2880 Trinitas,
676 2810 848 2886 obsequium
861 2811 1015 2869 servitutis
1028 2831 1108 2882 meae,
1122 2819 1154 2870 et
1166 2819 1274 2889 praesta
1286 2819 1323 2871 ut

129 2892 185 2949 hoc
199 2892 373 2949 sacrificium
387 2891 465 2967 quod
478 2891 570 2948 oculis
583 2896 642 2947 tuae
656 2891 819 2966 majestatis
836 2891 975 2968 indignus
988 2893 1091 2963 obtuli,
1105 2893 1162 2950 tibi
1175 2893 1215 2950 sit
1224 2913 1323 2971 accep

129 2973 230 3044 tabile,
246 2972 377 3048 mihique
391 2978 422 3029 et
435 2973 571 3028 omnibus
583 2991 637 3047 pro
651 2972 758 3046 quibus
771 2972 846 3030 illud
859 2973 964 3044 obtuli,
977 2973 1026 3045 sit,
1037 2979 1067 3030 te
1080 2973 1245 3047 miserante,
1257 2993 1322 3053 pro·

128 3054 271 3131 pitiabile.
316 3053 375 3121 Qui
388 3053 465 3109 vivis
475 3057 506 3109 et
519 3071 630 3127 regnas.

191 3135 295 3190 Trium
312 3153 470 3209 puerorum
491 3138 643 3190 cantemus
669 3133 822 3207 hymnum,
848 3153 935 3210 quem
962 3135 1121 3194 cantabant
1147 3135 1179 3191 in
1206 3136 1322 3196 camino

129 3216 208 3293 ignis
221 3215 427 3272 benedicentes
440 3214 609 3271 Dominum.

189 3313 240 3370 Pa.
263 3312 443 3383 Benedicite,
457 3310 628 3384 sacerdotes,
643 3312 772 3368 Domino
788 3311 859 3371 Deo.

190 3394 241 3450 Pa.
265 3393 397 3450 Laudate
411 3392 573 3450 Dominum
587 3393 619 3449 in
633 3392 742 3449 sanctis
755 3393 826 3468 ejus.

190 3475 239 3531 Pa
262 3474 351 3532 Nunc
366 3473 500 3531 dimittis.

369 3555 472 3611 Gloria
485 3553 576 3611 Patri.
620 3552 704 3610 Sicut
717 3560 788 3610 erat.

371 3636 461 3692 Pater
473 3641 580 3694 noster.
624 3634 665 3690 Et
678 3652 716 3693 ne
729 3653 790 3691 nos.

369 3715 499 3774 Ostende
512 3714 606 3786 nobis,

371 3797 443 3854 Non
455 3796 556 3854 intres.

371 3876 442 3935 Non
455 3876 548 3934 nobis.

370 3958 498 4016 Domine
511 3957 594 4015 Deus
607 3956 763 4014 virtutum.

370 4038 498 4097 Domine
512 4036 628 4096 exaudi

371 4118 517 4177 Dominus
529 4117 689 4176 vobiscum.

189 4216 281 4287 Deus,
297 4215 349 4292 qui
361 4216 456 4274 tribus
475 4215 574 4292 pueris
583 4214 728 4292 mitigasti
741 4215 874 4275 flammas
890 4216 1012 4293 ignium,
1027 4217 1151 4276 concede
1162 4217 1318 4296 propitius,

127 4304 163 4355 ut
176 4316 231 4374 per
243 4296 444 4354 interventum
456 4296 550 4354 beatae
571 4295 677 4354 Mariae
695 4316 810 4374 semper
821 4296 946 4374 virginis
958 4303 990 4357 et
1005 4298 1137 4358 omnium
1150 4305 1318 4360 sanctourm

126 4386 251 4517 tpomfirp)
263 4378 412 4471 1111111111
421 4397 531 4451 eorum,
545 4396 600 4437 nos
612 4377 737 4437 1111111111
750 4384 818 4439 tuoe
830 4397 891 4438 non
910 4384 1017 4439 exurat
1035 4379 1153 4440 flamma
1166 4379 1317 4444 vitiorum.

155 4479 189 4518 01⁸
251 4477 372 4516 mmum.
