2910 4904
416 314 465 378 Ia
479 312 601 380 Natali
615 304 725 379 enisis
740 313 968 399 Eccapeiistce.
1232 313 1296 383 137

159 478 343 538 Communia

157 560 221 618 Vos
238 561 290 637 qui
311 561 404 618 secuti
425 560 495 618 estis
517 579 564 618 me
586 561 724 619 sedebitis
746 580 834 638 super
855 560 936 619 sedes
953 561 1121 637 judicantes
1143 559 1297 619 duodecim

96 641 193 700 tribus
207 640 309 713 Israel,
327 641 400 699 dicit
414 642 569 699 Dominus,

156 721 198 780 In
212 731 333 798 tempore
346 722 492 793 Poseboli,
506 722 656 798 Alleluya,
672 722 807 800 alleluya.

158 801 340 863 Ooeemanio.

157 883 222 959 Ego
243 904 296 942 vos
317 884 392 960 elegi
414 884 451 941 de
469 884 588 957 mundo,
610 888 645 941 ut
668 885 742 942 eatis
764 891 795 942 et
817 884 948 943 fructum
968 882 1106 956 afferatis,
1128 889 1159 942 et
1182 884 1298 942 fructus

98 971 197 1022 voster
209 970 335 1023 maneat.

156 1043 198 1102 Ira
215 1053 336 1120 tempere
349 1044 496 1117 Pascioli,
512 1045 661 1122 Alleluya,
676 1046 811 1122 alleluya.

162 1125 344 1185 Communia

156 1206 266 1279 Arnen,
279 1206 345 1264 dico
357 1206 449 1279 robis,
466 1208 544 1284 quod
559 1227 612 1264 vos
629 1208 681 1282 qui
697 1206 858 1282 reliquistis
878 1208 978 1264 omnia
991 1214 1022 1265 et
1041 1206 1136 1265 secuti
1157 1205 1227 1264 estis
1240 1223 1297 1277 me,

96 1288 267 1363 centuplum
281 1288 428 1364 accipietis
442 1294 472 1346 et
486 1289 580 1346 vitam
594 1294 735 1345 aeternam
749 1287 942 1364 possidebitis.

158 1369 398 1428 Postcommaaio.

157 1449 316 1526 Perceptis,
332 1450 468 1522 Domine,
483 1449 671 1507 sacramentis
685 1449 856 1525 suppliciter
869 1469 1032 1520 exoramus,
1048 1456 1083 1506 ut
1096 1448 1298 1506 intercedente

97 1529 185 1587 beato
206 1530 245 1588 N.
270 1530 399 1606 apostolo
421 1537 483 1602 tuo,
500 1550 565 1606 quae
587 1550 640 1607 pro
662 1530 743 1587 illius
764 1531 930 1588 veneranda
950 1531 1078 1606 gerimus
1100 1529 1298 1587 sollemnitate

95 1611 182 1668 nobis
194 1611 350 1686 proficiant
363 1611 400 1668 ad
413 1611 564 1669 medelam.
608 1611 666 1668 Per
680 1611 851 1668 Dominum.
895 1611 955 1681 Qui
968 1617 1074 1669 tecum.

157 1691 363 1749 Plurimoram
376 1693 579 1768 apostoloram.

158 1772 401 1831 Postcommanio.

159 1852 342 1925 Quaesumus,
364 1853 500 1926 Domine,
521 1853 698 1911 salutaribus
718 1852 824 1929 repleti
847 1853 1003 1930 mysteriis,
1027 1858 1063 1910 ut
1083 1871 1210 1928 quorum
1230 1847 1296 1908 soll-

96 1933 196 1991 emnia
234 1934 421 2007 celebramus,
457 1954 558 1992 eo1um
593 1934 775 1992 orationibus
809 1934 991 2010 adjuvemur.
1044 1934 1103 1992 Per
1134 1931 1297 1991 Dominum

97 2021 242 2072 nostrum.

423 2198 462 2254 ΙΝ
482 2197 607 2254 Nasam
628 2213 722 2255 umus
746 2196 973 2255 Evmcnnrsrn

159 2277 301 2352 Officium.

156 2359 197 2415 In
212 2358 308 2415 medio
322 2358 448 2415 ecclesiae
461 2359 577 2435 aperuit
591 2378 623 2415 os
636 2358 716 2434 ejus:
737 2365 768 2416 et
781 2359 916 2435 implevit
930 2378 997 2417 eum
1014 2357 1162 2415 Dominus
1183 2355 1298 2434 Spiritu

95 2439 249 2516 sapientiae
262 2445 294 2496 et
306 2438 492 2497 intellectus:
513 2439 588 2496 stola
602 2439 701 2515 gloriae
715 2439 814 2496 induit
827 2459 903 2498 eum.

156 2532 200 2590 Iro
213 2542 335 2607 tempore
351 2532 495 2602 Posclecli,
511 2532 661 2607 Alleluya,
677 2532 812 2608 alleluya.

156 2613 304 2670 Petimus.
347 2613 568 2670 iocunditatem
583 2619 613 2670 et
627 2613 854 2671 exsultationem
868 2611 1079 2670 thesaurizavit
1099 2629 1275 2688 supereum.

159 2693 280 2752 Oratiol
289 2694 421 2769 proprio.

157 2774 210 2831 Aa
224 2774 364 2849 Ephesios
376 2774 429 2850 (ic.
448 2774 543 2852 7-13).

156 2856 296 2912 Fratres:
318 2855 490 2931 Unicuique
503 2862 638 2913 nostrum
659 2855 732 2912 data
752 2863 798 2913 est
811 2856 909 2932 gratia
922 2875 1014 2930 usqae
1028 2856 1068 2912 ed
1081 2854 1114 2911 in
1127 2870 1298 2911 mensuram

98 2936 198 2996 aetatis
211 2936 408 3012 plenitudinis
422 2937 542 2993 Christi.

159 3029 257 3086 Lectio
270 3028 427 3086 Ezechielis
440 3029 590 3104 Prepietoe
602 3030 621 3105 (
623 3029 641 3088 i.
661 3029 774 3104 10-14).

160 3109 333 3168 Similitudo
353 3109 455 3167 vultus
479 3115 621 3186 quattuor
648 3110 822 3167 animalium
836 3129 927 3184 arque
950 3111 991 3167 od
1012 3109 1046 3167 in
1070 3108 1300 3166 similitudinem

100 3190 230 3268 fulguris
244 3191 431 3248 coruscantis.

162 3271 299 3328 Gaudete.

159 3352 202 3410 Os
211 3352 287 3427 justi
300 3351 494 3408 meditabitur
506 3352 680 3427 sapientiam
695 3374 701 3410 z
722 3358 753 3409 et
766 3352 868 3427 lingua
882 3353 945 3427 ejus
959 3351 1098 3428 loquetur
1107 3350 1263 3427 judicium.

106 3433 137 3493 V.
160 3433 225 3490 Lex
240 3433 299 3489 Dei
312 3433 375 3507 ejus
389 3433 421 3489 in
435 3433 520 3490 corde
533 3434 644 3509 ipsius:
665 3439 696 3490 et
709 3453 769 3490 non
782 3433 1054 3509 supplantabuntur
1066 3451 1181 3508 gressus
1195 3433 1267 3508 ejus.

163 3525 349 3678 lireaatlriderir,
365 3607 416 3682 qui
431 3607 518 3665 timet
532 3609 714 3665 Dominum:
735 3608 769 3664 in
782 3607 931 3665 mandatis
945 3607 1008 3682 ejus
1022 3606 1105 3682 eupit
1119 3606 1216 3664 nimis.

105 3687 135 3747 V.
158 3687 269 3744 Potens
282 3687 315 3743 in
328 3692 408 3744 terra
422 3688 479 3745 erit
493 3709 592 3746 semen
606 3691 670 3764 ejus
684 3711 690 3746 :
711 3688 863 3764 generatio
877 3694 1024 3745 rectorum
1034 3688 1233 3745 benedicetur.

160 3768 311 3842 Alleluya.
360 3769 390 3826 V.
413 3768 532 3826 Primus
556 3770 594 3827 ad
616 3770 687 3828 Sion
708 3770 803 3841 dicet,
824 3770 909 3841 Eece,
924 3788 1041 3827 assum:
1062 3775 1093 3826 et
1107 3767 1299 3826 Hierusalem

98 3849 311 3927 evangelistam
325 3849 409 3907 dabo.

242 3946 407 4021 Sequentia.

461 4027 573 4086 Plausu
587 4026 692 4085 chorus
707 4027 876 4084 laetabundo

464 4109 529 4166 Hos
543 4108 662 4165 attollat
674 4128 728 4184 per
740 4128 814 4184 quos
828 4108 938 4166 mundo

502 4190 616 4247 Sonant
630 4190 802 4267 evangelia3

159 4342 171 4365 '¹
187 4339 240 4385 MS.
259 4337 460 4396 G.-Magniflcat
480 4341 511 4396 te,
531 4338 641 4397 Domine,
661 4340 738 4384 sancti
758 4340 795 4385 tui
814 4339 845 4385 N.
867 4339 1029 4398 Evangelistae
1049 4339 1118 4383 beata
1138 4335 1298 4406 sollemnitate

130 4414 143 4444 r
160 4413 233 4470 quam
250 4398 351 4456 gloriam
366 4399 534 4459 sempiternam
543 4401 567 4444 et
577 4411 647 4459 opem
662 4399 732 4444 nobis
751 4399 913 4445 inaestimabili
927 4399 1077 4458 providentia
1092 4397 1221 4443 contuhsti.
1252 4396 1300 4443 Per

126 4472 239 4504 ommum.
