2910 4904
122 293 164 355 48
608 291 835 357 uataJaau.

170 509 293 578 Quaero
314 525 368 565 orn
389 525 485 565 mssa
506 507 648 567 Ooravas
670 524 777 567 sanem
797 509 973 568 Wmnunur.
1018 509 1283 590 (Priamum.)

182 634 320 708 Officium.
365 633 536 690 Sacerdotes
550 633 605 690 tui

179 715 296 790 Epistol
316 759 322 771 .
366 714 471 772 Omnis
484 714 628 790 pontifex.

181 795 314 854 Grudale.
358 795 494 867 Domine,
510 794 686 870 praevenisti.

179 877 328 953 Alleluya.
379 876 408 936 V.
432 876 495 932 Iste
508 881 635 933 sanctus.
750 870 752 876 ’

178 958 342 1033 Sequentia.

480 1038 628 1117 Sospitate
643 1037 759 1094 morbos
772 1037 848 1095 lenit

521 1119 588 1176 Olei
601 1117 714 1189 lentato,

482 1199 568 1268 Quod
581 1218 599 1255 a
611 1200 717 1256 tumba
729 1198 825 1256 sancti
836 1200 928 1273 venit,

521 1280 634 1336 Visus*
647 1279 826 1337 testimonio.

480 1360 576 1437 Vulgi
589 1361 663 1436 lapsi
677 1360 792 1417 nullum
807 1360 889 1419 laedit

518 1442 608 1498 Vasti
621 1442 721 1517 pontis
734 1441 838 1499 fractio
849 1463 858 1515 ;

477 1522 570 1580 Unda
583 1528 704 1598 stupens
717 1523 797 1579 viem
811 1523 893 1580 dedit

518 1603 648 1660 Solidam
662 1604 694 1659 in
709 1603 800 1662 invio.

475 1685 527 1741 Ab
540 1685 678 1759 absorpto
692 1703 771 1740 mors
784 1685 897 1742 recedit

515 1765 606 1822 Putei
619 1764 732 1821 diluvio
741 1784 751 1836 ;

476 1844 522 1902 Ut
536 1845 671 1921 privatus
686 1846 766 1902 visus
779 1845 867 1919 redit,

515 1927 556 1983 Et
569 1927 696 1983 miratur
708 1927 786 1983 ratio
796 1948 804 1998 ;

475 2007 551 2064 Rem
566 2014 628 2064 tam
642 2026 759 2079 novam,
774 2007 854 2082 quod
867 2007 1007 2083 praeeedit

516 2088 664 2144 Habitum
677 2089 814 2163 privatio,

475 2169 589 2226 Surdus
603 2168 703 2244 psallit
717 2188 755 2224 ex
768 2168 882 2242 auditu,

514 2249 619 2306 Mutus
633 2270 672 2306 ex
685 2249 802 2326 eloquio
815 2272 821 2307 :

474 2330 549 2387 Vita
563 2333 643 2405 viget
657 2350 735 2387 novo
748 2331 810 2387 ritu

513 2410 622 2468 Mortis
636 2413 668 2468 in
682 2411 829 2487 hospitio:

473 2491 654 2549 Praeoonizat
669 2492 766 2548 virum
781 2492 840 2549 Dei

512 2573 676 2649 Leprarum
690 2573 823 2644 curatio;

472 2653 566 2710 Multi
580 2654 677 2710 morbi
689 2660 824 2730 surgunt·
830 2653 857 2711 ei

512 2734 622 2791 Laudis
636 2736 669 2791 in
682 2734 837 2810 praeoonio.

472 2814 551 2890 Ergo
566 2816 648 2890 pium
663 2822 777 2890 petrem
792 2815 893 2872 laudet

514 2895 605 2952 Chori
614 2896 763 2970 jubilatio,

473 2975 549 3032 (ium
564 2995 622 3050 quo
636 2976 699 3033 eaeli
713 2983 803 3033 eaetus
816 2977 926 3052 gaudet

515 3056 643 3113 AEterno
657 3057 801 3116 convivio,

173 3156 373 3230 deturpatum.
417 3155 535 3226 Videte,
551 3156 680 3232 vigilate.

174 3236 365 3310 offertorium.
409 3236 605 3294 Desiderium.

173 3316 353 3375 Communia
397 3317 535 3389 Domine,
550 3318 689 3394 quinque.

362 3508 462 3566 Sumo
483 3525 538 3565 um
558 3525 664 3565 saxon
685 3509 860 3567 Wmumur.
905 3510 965 3586 (Id.
979 3511 1068 3586 Jun)

174 3628 313 3705 Officium.
358 3629 528 3688 Sacerdotes
541 3631 612 3707 ojus

176 3711 311 3787 Epistola.
356 3712 474 3787 Optavi.

171 3792 306 3850 Grodulr.
350 3792 425 3850 Erue
438 3793 578 3850 sacerdos.

173 3874 320 3949 Alleluyu.
371 3873 397 3930 V.
421 3873 519 3932 Posui.

169 3958 253 4013 siaa
267 3954 319 4012 dir.
363 3953 547 4029 Sequanae

471 4035 570 4092 Gutus
583 4043 684 4091 noster
692 4036 880 4112 jocundetur,

472 4116 544 4173 Dies
557 4115 626 4172 lauta
640 4118 785 4193 sutioturss

511 4196 629 4255 Gulosti
642 4197 765 4269 laetitia5

170 4312 181 4336 ⁸
200 4310 269 4355 MSS.
282 4305 494 4353 uan‹1u-usus.

167 4371 179 4425 t
197 4370 247 4414 MS.
261 4368 287 4419 1¹¹.
299 4366 377 4411 widult
388 4366 457 4422 piros
467 4367 507 4411 tho
518 4366 654 4425 Sequoneos
664 4367 689 4410 in
701 4366 874 4424 sulignano
885 4369 1009 4427 Sequanos
1019 4368 1058 4414 for
1068 4368 1118 4415 this
1128 4368 1187 4429 day.
1207 4376 1211 4385 ¹

160 4430 181 4490 »ἶ
200 4429 236 4477 lto
245 4426 298 4473 MS.
311 4426 339 4471 D.
372 4425 430 4473 lala
442 4426 490 4471 anri
500 4425 553 4471 MS.
565 4425 725 4472 C-sueiotur.
