2910 4904
184 281 226 342 80
643 276 740 344 Festo
760 275 923 361 rccuset.

216 518 401 578 Smcrosou
422 532 596 576 nsurrsun
617 516 800 588 Hrrronrrr,
822 531 1037 586 socronuuour
1056 532 1137 576 mus.
1182 515 1242 593 (Id
1257 516 1353 596 Aug.)

249 662 388 738 Officium.
430 663 515 722 Justi
527 664 691 741 epulentur.

249 745 357 805 Oratio.

243 826 300 897 Da,
320 844 497 902 quaesumus,
518 825 703 902 omnipotens
727 825 818 899 Deus,
837 831 873 884 ut
893 826 974 884 beati
996 823 1160 902 Hippolyti
1180 824 1322 901 martyris
1341 825 1386 882 tui

182 907 385 983 sociorumque
398 907 462 983 ejus
478 907 647 964 venerenda
665 906 847 966 sollemnitas
865 912 896 965 et
913 906 1101 965 devotionem
1122 905 1208 964 nobis
1229 911 1338 985 augeat
1356 911 1386 964 et

183 988 315 1046 salutem.
358 987 425 1045 Per.

242 1067 385 1145 Epistola.
427 1067 536 1126 Justus
556 1067 583 1125 si
601 1073 706 1126 morte.

244 1149 379 1208 Gradolc.
421 1148 579 1207 Justorum
599 1149 713 1208 animae.

241 1230 390 1305 Alleluys
440 1230 468 1289 V.
501 1228 585 1287 Justi
605 1230 770 1306 epulentur.

241 1311 442 1386 anuqelium.
486 1310 646 1368 Attendite
668 1331 686 1368 a
705 1311 858 1370 fermento.

247 1392 438 1466 Offertorium.
483 1391 596 1449 Anima
616 1397 725 1449 nostre.

242 1472 362 1531 Secreta.

241 1553 375 1628 Respice,
393 1552 530 1626 Domine,
549 1573 673 1610 munera
694 1552 797 1630 populi
809 1553 867 1610 tui
890 1558 1059 1610 sanctorum
1080 1558 1201 1611 tuorum
1222 1553 1387 1613 festivitate

180 1635 290 1707 votiva,
314 1640 344 1692 et
368 1640 427 1692 tuae
449 1634 618 1692 testificatio
642 1634 777 1717 veritatis
800 1634 886 1692 nobis
913 1633 1048 1711 proficiat
1073 1633 1112 1691 ad
1139 1634 1274 1693 salutern
1328 1634 1387 1692 Per

184 1716 356 1774 Dominum.

243 1795 424 1856 Commendo.
468 1795 554 1864 Quod
567 1796 633 1852 dico
646 1795 737 1853 vobis.

242 1876 487 1935 Postcommuuio.

241 1957 499 2015 sacramentorum
519 1962 648 2029 tuorum,
671 1957 810 2029 Domine,
832 1957 999 2017 communio
1020 1962 1139 2033 sumpta
1160 1976 1215 2016 nos
1236 1957 1344 2031 salvet,
1357 1964 1388 2015 et

180 2041 212 2096 in
227 2044 286 2096 tuae
299 2038 436 2096 veritatis
449 2038 515 2096 luce
529 2037 692 2097 confirmet.
736 2038 803 2098 Per,

233 2328 237 2344 ¹
275 2310 314 2366 Iu
334 2306 715 2365 V1e1n1uAssuur>r1ou1s
736 2323 842 2364 enirn
863 2307 987 2365 Mirum.
1032 2307 1106 2385 (xix.
1122 2308 1193 2367 Kal
1209 2308 1306 2390 Sept)

248 2457 386 2533 Officium.

242 2540 327 2598 Salve
347 2543 448 2595 sancta
468 2556 582 2614 parens,
597 2536 686 2594 enixe
705 2556 849 2614 puerpera
870 2557 968 2614 regem
978 2559 988 2612 3
1017 2539 1070 2615 qui
1090 2539 1195 2598 caelum
1216 2546 1388 2619 terramque

181 2621 258 2698 regit
271 2621 302 2677 in
317 2619 423 2676 saecule
436 2619 617 2677 saeculorum.

243 2701 388 2758 Psolctus.

242 2782 314 2851 Quae
337 2780 477 2856 gaudium
495 2779 599 2836 matris
616 2779 727 2836 habens
750 2799 817 2837 cum
839 2781 1019 2856 virginitatis
1040 2781 1160 2855 honore,
1182 2801 1238 2841 nec
1259 2785 1387 2861 primam

182 2863 308 2921 similem
321 2862 385 2918 vise
399 2880 429 2917 es
443 2879 496 2917 nec
510 2860 617 2916 habere
631 2866 811 2936 sequentem.

249 2943 357 3002 Oratio.

242 3023 333 3093 Deus,
356 3021 409 3097 qui
426 3021 601 3096 virginalem
622 3021 720 3078 aulam
742 3023 835 3079 beetae
858 3022 962 3080 Mariae
981 3024 1014 3080 in
1034 3043 1093 3101 qua
1110 3025 1261 3085 habitares
1279 3026 1388 3105 eligere

180 3107 319 3181 dignatus
332 3122 380 3174 es;
402 3102 447 3173 da,
462 3121 638 3176 quaesumus,
653 3111 688 3159 ut
703 3123 756 3160 sue
770 3123 823 3160 nos
837 3104 1005 3162 defensione
1019 3105 1150 3164 munitos
1166 3107 1314 3183 jocundos
1327 3128 1387 3168 suae

181 3187 270 3244 faciat
284 3185 424 3240 interesse
438 3181 601 3239 festivitati.
645 3183 705 3252 Qui
717 3184 802 3241 vivis.

241 3264 385 3322 isemeria
398 3263 432 3320 de
446 3272 543 3320 educto
557 3264 690 3334 Eusebio
705 3264 867 3340 consessore.
916 3266 1023 3324 Oratio.

243 3349 333 3416 Deus,
348 3344 401 3420 qui
414 3364 467 3401 nos
479 3345 558 3401 beati
573 3344 695 3402 Eusebii
712 3346 882 3402 confessoris
904 3347 950 3403 tui
971 3366 1071 3404 annua
1092 3347 1293 3408 sollemnitate
1313 3351 1387 3409 laeti-

181 3429 258 3499 ficas,
273 3426 396 3485 concede
409 3425 556 3501 propitius
569 3431 604 3482 ut
618 3426 701 3501 cujus
714 3426 852 3483 natalitia
866 3427 996 3500 colimus,
1011 3447 1064 3504 per
1077 3429 1141 3504 ejus
1155 3429 1193 3487 ad
1207 3436 1239 3489 te
1252 3432 1389 3510 exempla

181 3509 357 3585 gradiamur.
400 3505 465 3564 Per.

242 3587 385 3645 Meritoria
399 3588 433 3643 de
447 3585 554 3644 Secreto
567 3586 737 3644 Laurentio.

241 3668 382 3744 Epistola.
425 3667 519 3725 Lectio
534 3667 602 3725 litet
614 3667 772 3744 Sapientiae
786 3668 910 3744 (Ecclus
922 3670 997 3729 xxiv.
1017 3671 1131 3749 1416).

241 3750 292 3807 Ab
306 3748 393 3805 initio
407 3768 496 3820 usque
511 3749 551 3805 ud
564 3749 697 3807 detentio
711 3769 782 3807 mea.

242 3829 357 3887 (drudal
368 3872 375 3886 .

240 3910 401 3968 Benedicta
424 3914 456 3966 et
475 3910 651 3967 venerabilis
672 3930 711 3983 es,
735 3911 818 3986 virgo
843 3912 950 3986 Maria,
973 3932 1039 3989 quae
1063 3914 1128 3972 sine
1151 3920 1236 3973 tactu
1263 3917 1388 3994 pudoris

181 3994 303 4050 invente
317 4011 347 4047 es
361 3995 455 4046 meter
469 3989 630 4047 salvatoris.

187 4075 215 4131 V.
242 4073 336 4148 Virgo
356 4071 414 4127 Dei
433 4071 571 4146 genitriX,
592 4091 680 4146 quem
698 4077 779 4129 totus
796 4093 857 4131 non
875 4081 965 4150 caput
984 4075 1071 4147 orbis,
1093 4076 1126 4133 in
1148 4082 1203 4135 tue
1224 4098 1257 4137 se
1278 4079 1387 4139 clausit

181 4156 292 4211 viscera
305 4153 401 4209 fectus
415 4151 510 4208 homo.

241 4234 276 4293 St
293 4234 327 4290 ic
345 4232 504 4290 Dominico
523 4232 654 4306 evenerit,
675 4233 823 4311 Alleluya.
873 4236 901 4294 V.
925 4237 984 4295 Per
997 4242 1038 4310 te,
1058 4238 1117 4295 Dei
1136 4240 1280 4316 genitrix,
1301 4242 1385 4301 nobis

181 4321 226 4455 epp
243 4315 307 4454 vsste
328 4313 443 4390 perdite
460 4313 538 4387 dete,
554 4334 619 4390 quse
638 4314 674 4372 dc
693 4316 762 4373 caelo
780 4317 934 4394 suscepisti
947 4317 1069 4395 prolem,
1085 4328 1115 4378 et
1130 4321 1243 4380 mundo
1255 4322 1385 4399 genuisti

181 4416 195 4454 s
224 4416 262 4454 va
277 4414 364 4454 orem.
