2910 4904
194 258 257 321 226
651 256 793 322 (lc-cteta
815 256 939 323 Missos.

190 423 309 480 missam
336 423 484 500 inceptam
511 422 652 493 deserere,
682 428 712 481 et
739 423 954 483 absolutionem
982 431 1102 501 petere3
1125 424 1186 483 nisi
1213 424 1287 487 inde
1308 446 1391 505 grave

193 504 363 562 scandalum
376 506 498 561 oriatur.

254 585 333 642 Item
346 585 373 642 si
384 585 541 643 muscarel
555 604 662 642 aranea
674 585 723 642 vel
742 584 856 661 aliquid
875 586 983 643 talium
998 592 1074 645 aute
1095 588 1345 647 consecrationem
1363 589 1393 649 in

194 665 313 723 calicem
322 666 468 737 ceciderit,
477 665 525 723 vel
535 666 626 723 etiam
633 685 782 724 venenum
791 666 955 724 immissum
964 667 1028 725 fore
1037 666 1267 745 deprehenderit
1270 689 1281 744 3
1294 670 1394 729 vinum

193 746 281 805 debet
290 746 402 805 effundi
410 746 489 824 quod
498 746 693 817 estincalice,
703 753 733 804 et
743 746 845 804 abluto
855 747 944 805 calice
953 748 1036 805 aliud
1045 750 1151 807 vinum
1160 768 1230 808 cum
1239 752 1396 829 aqusponi

192 828 230 885 ad
244 827 478 886 consecrandum.
522 826 580 886 sed
597 827 624 885 si
636 827 755 904 aliquod
773 828 880 884 horum
893 833 961 905 post
979 831 1229 889 consecrationem
1244 832 1394 907 acciderit5

192 909 279 967 debet
291 928 392 966 musca
404 908 452 965 vel
465 927 573 965 aranea
585 907 634 965 vel
650 908 763 985 aliquid
786 908 894 965 talium
911 915 997 968 'caute
1011 911 1085 987 oapi,
1101 917 1133 968 et
1145 910 1309 989 diligenter
1319 912 1395 971 inter

191 989 298 1066 digitos
312 990 422 1066 pluries
434 988 536 1062 lava-ri,
552 994 583 1046 et
595 988 704 1046 vermis
717 988 850 1047 comburi
861 1009 870 1062 ;
890 996 920 1047 et
939 990 1053 1049 ablutio
1074 1011 1142 1050 cum
1155 992 1309 1051 cineribus
1320 1012 1394 1053 coru-

189 1071 271 1129 busti
284 1071 316 1127 in
329 1070 455 1131 sacrario
468 1070 577 1146 reponi
621 1068 780 1127 Venenum
801 1076 902 1128 autem
921 1071 1004 1130 nullo
1024 1072 1111 1131 modo
1123 1072 1213 1132 debet
1225 1074 1308 1133 s'umi
1316 1095 1326 1149 5
1346 1074 1394 1133 sed

189 1171 257 1210 cum
271 1152 402 1228 reliquiis
416 1151 503 1208 debet
516 1150 634 1228 sanguis
648 1150 716 1208 talis
739 1150 788 1208 cui
810 1170 960 1210 venenum
980 1158 1025 1210 est
1045 1153 1212 1211 immissum
1224 1154 1261 1213 in
1278 1154 1394 1215 vasculo

191 1232 300 1290 mundo
327 1232 499 1290 conservari.
556 1232 597 1288 Et
620 1250 659 1288 ne
680 1238 896 1289 sacramentum
924 1239 1042 1291 maneat
1066 1234 1285 1311 imperfectum,
1308 1236 1393 1295 debet

188 1314 309 1372 calicem
328 1314 425 1370 denuo
437 1313 495 1370 rite
513 1331 685 1389 praeparare,
709 1319 740 1370 et
757 1332 904 1372 resumere
920 1315 1170 1373 consecrationem
1186 1316 1341 1395 sanguinis
1356 1318 1393 1375 ab

187 1397 245 1452 isto
259 1395 322 1453 loco
334 1393 435 1453 Simili
447 1395 532 1452 modo
541 1402 734 1469 posteaquam
747 1402 893 1453 canatum
906 1403 953 1453 est.
997 1395 1039 1453 Et
1052 1402 1124 1453 nota
1137 1396 1218 1472 quod
1231 1398 1392 1457 secundum

189 1476 329 1548 doctores,
344 1475 421 1533 nihil
434 1474 630 1532 abominabile
644 1473 721 1533 sumi
735 1474 823 1532 debet
836 1476 986 1534 occasione
1000 1474 1089 1552 hujus
1103 1472 1290 1537 sacramenti.

250 1557 329 1614 Item
350 1556 377 1615 si
395 1557 528 1614 sacerdos
548 1575 609 1613 non
629 1555 732 1613 recolit
753 1575 784 1613 se
803 1555 912 1614 dixisse
932 1556 1045 1633 aliquid
1066 1556 1173 1615 horum
1200 1577 1269 1636 qua
1292 1558 1392 1619 debuit

190 1638 294 1710 dicere,
321 1657 383 1695 non
404 1637 491 1695 debet
515 1643 614 1694 mente
637 1636 771 1710 turbari;
793 1637 956 1695 nonenim
980 1638 1033 1715 qui
1055 1638 1152 1697 multa
1179 1638 1255 1698 dicit
1281 1660 1391 1719 semper

189 1718 292 1776 recolit
306 1738 371 1795 quae
385 1717 472 1778 dixit.
516 1718 625 1789 Etiam,
639 1717 665 1774 si
678 1717 735 1774 sibi
745 1736 798 1793 pro
812 1725 892 1775 certo
906 1724 1031 1790 constat,
1045 1719 1125 1795 quod
1132 1719 1236 1796 aliqua
1243 1722 1375 1779 omiserit
1382 1741 1391 1793 ;

191 1801 216 1857 si
237 1800 311 1858 talia
331 1819 392 1857 non
414 1804 485 1856 sunt
511 1799 548 1856 de
574 1799 747 1856 necessitate
774 1799 959 1873 sacramenti,
988 1800 1066 1858 sicut
1092 1806 1164 1859 sunt
1191 1800 1319 1861 Secreta
1344 1802 1391 1861 rel

190 1881 290 1957 aliqua
309 1881 399 1938 verba
420 1879 558 1951 Cononis,
579 1879 659 1936 ultra
679 1878 825 1956 procedat,
847 1898 901 1937 nec
920 1880 1033 1957 aliquid
1054 1887 1193 1939 resumat.
1237 1880 1273 1941 si
1292 1888 1390 1941 umen

189 1961 382 2037 probabiliter
405 1959 462 2017 sibi
484 1965 606 2032 constat,
622 1960 702 2036 quod
723 1960 824 2016 omisit
845 1961 959 2036 aliquid
981 1961 1060 2037 quod
1087 1962 1128 2019 sit
1154 1961 1192 2020 de
1217 1964 1390 2023 necessitate

190 2042 372 2114 sacramenti,
395 2041 472 2098 sicut
491 2041 587 2098 forma
606 2042 764 2098 verborum
783 2060 836 2117 per
855 2059 946 2116 quam
965 2048 1159 2114 consecratur,
1181 2044 1285 2103 omnia
1303 2044 1390 2105 verba

190 2122 413 2181 consecrationis
434 2141 521 2198 super
541 2141 626 2179 suam
649 2121 803 2179 materiam
828 2141 975 2180 resumere
999 2122 1095 2196 debet,
1118 2123 1189 2200 quia
1212 2124 1390 2185 consecratio

189 2205 267 2262 facta
287 2222 348 2261 non
362 2209 437 2261 esset
447 2223 456 2275 3
470 2204 549 2280 quod
559 2209 659 2260 tamen
668 2223 729 2260 non
742 2208 866 2278 oportet,
880 2203 906 2260 si
919 2204 1116 2279 praetermissa
1128 2224 1190 2262 non
1203 2212 1291 2265 esset.
1320 2204 1391 2265 cou-

184 2286 302 2362 junctio
323 2285 400 2345 enim
413 2284 461 2341 vel
481 2284 540 2341 alia
559 2284 649 2341 verba
662 2304 727 2360 quae
748 2283 918 2359 praecedunt
930 2284 979 2341 vel
998 2290 1165 2361 sequuntur
1179 2285 1317 2360 formam,
1330 2306 1388 2345 nou

190 2374 260 2423 sunt
273 2367 310 2423 de
322 2364 415 2442 ipsius
430 2365 603 2423 substantia.

251 2447 284 2505 Si
302 2454 403 2505 autem
423 2446 556 2504 sacerdos
577 2445 735 2516 dubitaret,
751 2465 790 2501 an
810 2445 931 2522 aliquod
951 2446 1076 2504 verbum
1095 2446 1249 2524 pertinens
1268 2448 1309 2507 ad
1327 2448 1390 2507 sub

189 2529 331 2587 stantiam
343 2529 444 2586 formae
459 2527 559 2585 omisit
571 2526 620 2584 vel
632 2545 694 2583 non
705 2546 714 2599 ;
734 2525 905 2583 nullatenus
918 2527 1006 2584 debet
1021 2546 1139 2585 servare
1151 2528 1280 2587 formam
1297 2528 1390 2587 condi-

190 2610 338 2681 tionalem,
347 2609 398 2666 sed
411 2608 474 2665 sine
482 2608 638 2665 temeraria
646 2606 805 2664 assertione
815 2605 940 2664 formam
950 2614 1044 2665 totam
1052 2627 1139 2685 super
1149 2628 1235 2673 sinam
1244 2610 1390 2687 propriam

188 2691 344 2750 materiam
357 2690 444 2746 debet
464 2708 612 2746 resumere
626 2707 693 2746 cum
712 2687 768 2745 hac
781 2688 956 2760 intentione,
971 2688 1050 2764 quod
1070 2689 1097 2747 si
1117 2690 1299 2749 consecratio
1317 2696 1390 2751 esset

189 2772 275 2843 facta,
294 2771 376 2828 nullo
403 2770 490 2827 modo
514 2769 656 2827 voluisset
674 2787 853 2826 consecrasse
865 2788 874 2840 3
902 2769 954 2826 sed
976 2769 1002 2826 si
1028 2770 1209 2828 consecratio
1229 2790 1293 2831 non
1318 2776 1390 2831 esset

189 2855 275 2924 facta,
289 2852 380 2909 vellet
393 2871 498 2929 corpus
512 2856 542 2908 et
555 2851 728 2927 sanguinem
742 2868 917 2908 consecrare.

250 2935 338 3004 Item,
353 2933 379 2990 si
392 2932 460 3008 quis
473 2938 603 3008 tempore
613 2930 838 2988 consecrationis
849 2931 886 2988 ab
899 2930 1011 2988 actuali
1019 2930 1186 2990 intentione
1196 2932 1390 2993 etdevotiono

189 3014 348 3072 distractus
361 3013 461 3084 fuerit,
476 3012 669 3070 nihilominus
690 3017 847 3081 consecrat,
863 3011 1021 3070 dummodo
1040 3012 1170 3071 intentio
1183 3012 1348 3073 habitualis
1359 3014 1389 3073 iu

189 3115 223 3152 eo
247 3094 421 3152 remanserit
432 3114 441 3167 3
469 3113 584 3150 summo
608 3092 765 3162 sacerdote,
788 3091 898 3150 scilicet
923 3092 1050 3166 Christo,
1076 3092 1235 3171 supplente
1258 3094 1325 3173 ejus
1347 3096 1391 3155 de·

189 3177 306 3236 fectum.

252 3258 284 3314 Si
294 3261 396 3314 autem
406 3275 458 3332 per
467 3255 591 3312 nimiam
602 3253 824 3312 distractionem
832 3252 994 3312 habitualis
1003 3253 1132 3312 intentio
1142 3273 1211 3313 cum
1220 3256 1334 3317 actuali
1340 3256 1391 3317 tol-

189 3338 308 3408 leretur,
321 3337 440 3394 videtur
453 3336 531 3413 quod
546 3335 664 3393 deberet
678 3336 769 3392 verba
782 3335 1008 3393 consecrationis
1021 3354 1088 3393 cum
1101 3335 1214 3395 actuali
1225 3336 1390 3397 intentione

190 3437 345 3491 resumere,
359 3416 401 3476 sic
412 3423 511 3475 tamen
522 3417 600 3493 quod
609 3416 702 3474 nollet
712 3435 887 3489 consecrare,
903 3415 929 3474 si
942 3417 1120 3474 consecratio
1133 3416 1214 3474 facta
1226 3424 1313 3477 esset

250 3500 338 3572 Item,
365 3499 391 3556 si
410 3497 508 3556 hostia
531 3503 697 3556 consecrata
716 3504 837 3574 propter
857 3497 951 3574 frigus
967 3497 1014 3555 vel
1034 3496 1093 3554 alia
1113 3497 1259 3557 decanea
1282 3498 1391 3559 labitur

190 3581 335 3640 sacerdoti
353 3581 386 3637 in
407 3580 534 3651 calicem,
550 3579 612 3637 sive
629 3585 699 3636 ante
720 3578 897 3636 divisionem
910 3576 1013 3635 hostiae
1033 3577 1097 3635 sive
1116 3584 1203 3655 post3
1223 3599 1284 3638 nou
1307 3580 1390 3641 debet

189 3683 255 3720 eam
282 3662 319 3719 de
346 3662 488 3738 sanguine
522 3659 685 3731 extrahere,
714 3678 768 3717 nec
793 3658 907 3735 aliquid
934 3665 1055 3735 propter
1080 3657 1135 3716 hoc
1169 3660 1314 3721 reiterare
1346 3660 1390 3721 vol

189 3744 347 3801 immutare
367 3743 444 3800 circa
463 3741 688 3799 celebrationem
708 3740 893 3813 sacramenti,
914 3739 965 3798 sed
985 3738 1123 3816 procedat
1142 3739 1176 3797 in
1195 3741 1291 3819 siguis
1311 3748 1344 3801 et
1361 3743 1390 3801 in

190 3825 255 3882 aliis
268 3844 302 3882 ac
315 3823 342 3881 si
355 3822 477 3880 haberet
490 3843 555 3880 eam
562 3823 595 3879 in
609 3822 753 3881 manibus.

251 3905 284 3963 si
311 3903 487 3962 eucharistia
514 3903 552 3960 ad
579 3909 689 3961 terram
716 3902 861 3974 ceciderit,
891 3901 972 3959 locus
1005 3901 1058 3959 ubi
1087 3900 1185 3978 jacuit
1211 3902 1339 3963 radatur
1362 3910 1390 3963 ct

190 3987 372 4045 incineratur
391 4004 444 4061 per
463 3985 570 4061 ignem,
592 3990 623 4040 et
642 3983 717 4042 cinis
733 3984 824 4060 juxta
843 3983 936 4040 altare
956 3982 1106 4042 condatur.

252 4067 339 4137 Item,
368 4066 395 4123 si
426 4085 479 4142 per
505 4065 716 4141 negligentiam
742 4064 856 4141 aliquid
880 4064 916 4121 de
943 4063 1085 4140 sanguine
1109 4063 1272 4124 stillaverit
1306 4084 1390 4145 super

191 4148 323 4206 tabulam
336 4167 401 4224 quae
416 4153 501 4204 terrae
523 4146 660 4217 adhaeret,
676 4145 755 4203 stilla
773 4165 826 4222 per
846 4145 1025 4203 sacerdotem
1039 4163 1106 4202 cum
1126 4144 1232 4222 lingua
1244 4146 1390 4205 lambatur

191 4238 221 4287 et
234 4230 315 4287 locus
333 4228 442 4285 tabulae
459 4227 582 4285 radatur
589 4248 598 4301 3
620 4231 650 4283 et
663 4246 765 4284 rasura
778 4226 841 4303 igni
855 4225 1052 4305 comburatur,
1067 4231 1098 4283 et
1111 4225 1186 4285 cinis
1195 4226 1290 4304 juxta
1302 4228 1389 4287 alim

190 4332 257 4368 cum
270 4310 404 4385 reliquiis
417 4308 606 4380 recondatur;
625 4313 656 4365 et
665 4307 861 4383 quadraginta
874 4306 977 4364 diebus
990 4305 1132 4383 paeniteat
1144 4306 1194 4365 cui
1208 4308 1266 4367 hoc
1278 4308 1387 4369 accidit

251 4392 284 4450 Si
294 4411 362 4450 vero
376 4389 623 4467 superstillarerit
635 4389 730 4461 calix3
745 4390 897 4447 sorbeatur
914 4387 1003 4462 stilla,
1013 4387 1111 4447 tribus
1124 4386 1232 4449 diebus
1244 4390 1387 4469 paenitcst
