2910 4904
201 288 264 352 232
510 279 553 344 Ιιι
584 275 786 344 Viaitotione
806 281 930 340 soactoe
950 270 1085 338 Moriae.

360 447 524 525 Sequentia.

546 525 637 598 Veni,
651 523 788 601 praecelsa
801 521 939 594 Domina,

586 607 694 678 Maria,
708 611 744 662 tu
756 623 811 661 nos
823 603 922 669 visita,
954 652 960 663 .

586 688 696 763 AEgras
709 692 823 743 mentes
836 684 974 742 illumina

587 768 647 826 Per
659 786 741 825 sacra
754 765 824 823 vitae
837 764 969 822 numina

547 859 638 934 Veni,
653 857 797 916 salvatrix
810 858 918 928 saeculi,

589 941 694 1000 Sordes
708 939 792 997 aufer
804 938 914 1015 piaculi
920 958 929 1011 ;

589 1023 628 1079 [n
641 1020 790 1078 visitando
803 1019 947 1096 populum

589 1102 686 1160 Paenae
702 1101 788 1159 tollas
800 1100 958 1177 piaculum.

549 1195 640 1265 Veni,
654 1194 757 1270 regina
769 1193 913 1271 gentium,

591 1277 666 1334 Dela
679 1276 813 1332 flammas
825 1281 963 1332 reatuum
974 1294 982 1346 ;

591 1358 674 1433 Rege
687 1355 881 1432 quodcunque
895 1355 1015 1412 devium
1025 1374 1035 1427 ;

591 1439 640 1495 Da
653 1437 748 1494 vitam
761 1436 974 1494 innocentium.

554 1531 645 1602 Veni,
659 1536 694 1587 ut
708 1549 799 1586 anum
811 1528 935 1601 visites,
928 1548 935 1561 ·

570 1610 697 1682 *Maria
711 1611 789 1668 vires
798 1610 930 1703 robores,

592 1692 718 1749 Virtute
731 1691 808 1749 sacri
820 1691 950 1768 impetus

592 1762 793 1831 Influctuetur
806 1770 950 1829 animus*

553 1867 643 1939 Veni,
658 1865 745 1923 stella
758 1865 813 1922 lux
825 1864 962 1936 marium,

594 1911 724 2004 Inirmda
737 1945 816 2022 pacis
829 1945 955 2016 radium,

594 2027 735 2085 Exsultet
744 2045 794 2084 cor
806 2025 840 2083 in
848 2026 981 2101 jubilum

594 2109 617 2166 J
617 2108 742 2166 ohannis
755 2112 826 2164 ante
840 2106 1012 2164 Dominum.

555 2202 645 2272 Veni,
660 2201 745 2277 virga
758 2199 910 2277 regalium,

596 2283 700 2340 Reduc
713 2282 822 2338 fluctus
832 2277 998 2338 'errantium

596 2363 648 2420 Ad
661 2362 809 2420 unitatem
823 2361 900 2430 fidei,

598 2444 638 2500 In
652 2463 710 2520 qua
723 2443 878 2500 salvantur
891 2441 989 2499 caelici.

559 2537 649 2608 Veni,
664 2536 787 2593 demitte
801 2534 930 2610 Spiritus

602 2617 703 2674 Sancti
716 2617 793 2673 dona
806 2614 989 2692 propensius,

602 2698 650 2756 Ut
663 2697 826 2774 dirigamur
838 2696 947 2754 rectius

602 2779 641 2836 In
655 2779 745 2854 hujus
757 2778 828 2834 vitae
842 2777 963 2835 actibus.

563 2872 654 2943 Veni,
669 2872 823 2929 laudemus
837 2869 957 2940 Filium,

602 2953 771 3010 Laudemus
786 2952 929 3009 Sanctum
944 2950 1101 3028 Spiritum,

605 3033 773 3091 Laudemus
788 3032 907 3090 Patrem
921 3033 1052 3106 unicum,

606 3115 666 3182 Qui
679 3114 765 3170 nobis
778 3115 829 3170 det
842 3113 995 3172 auxilium.

280 3227 479 3302 decapolim.
523 3227 690 3286 Secundum
703 3226 824 3284 Lucam.

220 3309 384 3447 Ardicllo
398 3315 539 3384 tempore,
554 3309 725 3386 Exsurgcns
739 3307 838 3365 Maria
857 3306 961 3364 abrit
952 3327 985 3364 m
1005 3312 1156 3380 montana,
1171 3314 1199 3366 ot
1218 3314 1319 3380 catera,
1333 3314 1367 3365 ut
1381 3302 1408 3363 a

282 3483 475 3557 offertorium
518 3482 603 3539 Filiae
616 3501 767 3559 regumn
769 3481 827 3538 tia
842 3480 1007 3540 Communi.

282 3575 400 3634 Secreto.

282 3656 476 3733 Omnipotens
489 3656 666 3732 sempiterne
681 3655 762 3713 Deus
765 3654 835 3730 ‚qui
849 3674 951 3712 curam
965 3655 1002 3712 de
1015 3654 1175 3713 omnibus
1164 3674 1199 3712 ιιι
1211 3659 1244 3714 te
1253 3650 1413 3715 conlidenti-

221 3739 277 3795 bus
309 3756 424 3814 semper
451 3736 558 3809 habes3
585 3742 700 3814 praesta,
725 3755 901 3811 quaesumus,
923 3740 960 3793 ut
979 3755 1032 3812 per
1052 3735 1234 3794 oblationem
1256 3756 1348 3815 qnam
1366 3730 1414 3795 nti

221 3819 379 3889 offerimus,
392 3818 593 3875 visitationem
610 3816 765 3893 specialem
778 3817 864 3874 beate
878 3816 1040 3893 Virginis
1031 3836 1064 3873 m
1076 3817 1187 3876 nostris
1199 3816 1413 3907 necessitatibus

222 3900 392 3958 sentiamus.
425 3898 484 3956 Per
498 3898 669 3956 Dominum.

282 3991 432 4067 Praesotio.
475 3991 517 4048 Et
530 3991 583 4048 te'
575 4010 608 4046 ιιι
622 3990 804 4048 Visitatione
818 3990 911 4047 beatae
926 3990 1040 4064 Mariae,
1055 3999 1082 4050 et
1095 3998 1195 4051 cetero.

284 4085 467 4146 Communia
512 4084 607 4142 Beata
619 4084 732 4142 viscera
745 4083 851 4141 Marias
864 4083 997 4162 virginis.

431 4231 444 4255 ³
460 4229 579 4276 Herelord
589 4228 719 4274 Miscel-

665 4299 933 4357 Maria,v1resroboras

665 4333 764 4404 Virtute
774 4359 837 4404 sacri
847 4359 960 4428 impetus,
1058 4404 1063 4415 ,

665 4418 702 4464 Ne
713 4419 771 4463 fluct
761 4422 843 4464 tuetur
852 4432 954 4464 ammus.
