<?xml version="1.0" encoding="UTF-8"?>
<!DOCTYPE html PUBLIC "-//W3C//DTD XHTML 1.0 Transitional//EN"
    "http://www.w3.org/TR/xhtml1/DTD/xhtml1-transitional.dtd">
<html xmlns="http://www.w3.org/1999/xhtml" xml:lang="en" lang="en">
 <head>
  <title>
</title>
<meta http-equiv="Content-Type" content="text/html;charset=utf-8" />
  <meta name='ocr-system' content='tesseract 3.04.00' />
  <meta name='ocr-capabilities' content='ocr_page ocr_carea ocr_par ocr_line ocrx_word'/>
</head>
<body>
  <div class='ocr_page' id='page_1' title='image "./missaleadusumin01churgoog_0341.png"; bbox 0 0 2910 4904; ppageno 0'>
   <div class='ocr_carea' id='block_1_1' title="bbox 667 298 785 365">
    <p class='ocr_par' dir='ltr' id='par_1_1' title="bbox 667 298 785 365">
     <span class='ocr_line' id='line_1_1' title="bbox 667 298 785 365; baseline -0.008 -1"><span class='ocrx_word' id='word_1_1' title='bbox 667 298 785 365; x_wconf 70' lang='lat' dir='ltr'><strong>Prosae.</strong></span> 
     </span>
    </p>
   </div>
   <div class='ocr_carea' id='block_1_2' title="bbox 206 462 1315 1028">
    <p class='ocr_par' dir='ltr' id='par_1_2' title="bbox 206 462 1315 619">
     <span class='ocr_line' id='line_1_2' title="bbox 206 462 1315 545; baseline -0.001 -19"><span class='ocrx_word' id='word_1_2' title='bbox 206 469 279 539; x_wconf 76' lang='lat' dir='ltr'><strong>Qua</strong></span> <span class='ocrx_word' id='word_1_3' title='bbox 294 466 410 545; x_wconf 80' lang='lat' dir='ltr'><strong>jugiter</strong></span> <span class='ocrx_word' id='word_1_4' title='bbox 422 466 554 543; x_wconf 86' lang='lat' dir='ltr'><strong>tripudio</strong></span> <span class='ocrx_word' id='word_1_5' title='bbox 567 465 685 524; x_wconf 88' lang='lat' dir='ltr'><strong>infinito</strong></span> <span class='ocrx_word' id='word_1_6' title='bbox 697 464 829 544; x_wconf 77' lang='lat' dir='ltr'><strong>gaudent</strong></span> <span class='ocrx_word' id='word_1_7' title='bbox 842 471 873 524; x_wconf 88' lang='lat' dir='ltr'><strong>et</strong></span> <span class='ocrx_word' id='word_1_8' title='bbox 893 464 1055 539; x_wconf 82' lang='lat' dir='ltr'><strong>exsultant,</strong></span> <span class='ocrx_word' id='word_1_9' title='bbox 1065 462 1202 543; x_wconf 75' lang='lat' dir='ltr'><strong>jubilant</strong></span> <span class='ocrx_word' id='word_1_10' title='bbox 1213 464 1315 525; x_wconf 61' lang='lat' dir='ltr'><strong>cauffo</strong></span> 
     </span>
     <span class='ocr_line' id='line_1_3' title="bbox 287 547 1279 619; baseline -0.002 -14"><span class='ocrx_word' id='word_1_11' title='bbox 287 567 366 606; x_wconf 82' lang='lat' dir='ltr'><strong>nova</strong></span> <span class='ocrx_word' id='word_1_12' title='bbox 379 547 537 619; x_wconf 87' lang='lat' dir='ltr'><strong>dulcisona,</strong></span> <span class='ocrx_word' id='word_1_13' title='bbox 1275 596 1279 603; x_wconf 94' lang='lat'><em>.</em></span> 
     </span>
    </p>

    <p class='ocr_par' dir='ltr' id='par_1_3' title="bbox 208 628 596 706">
     <span class='ocr_line' id='line_1_4' title="bbox 208 628 596 706; baseline -0.008 -19"><span class='ocrx_word' id='word_1_14' title='bbox 208 629 386 706; x_wconf 76' lang='lat' dir='ltr'>Perpetuam</span> <span class='ocrx_word' id='word_1_15' title='bbox 400 628 596 701; x_wconf 92' lang='lat' dir='ltr'><strong>Dominicam,</strong></span> 
     </span>
    </p>

    <p class='ocr_par' dir='ltr' id='par_1_4' title="bbox 207 706 1108 785">
     <span class='ocr_line' id='line_1_5' title="bbox 207 706 1108 785; baseline -0.002 -17"><span class='ocrx_word' id='word_1_16' title='bbox 207 710 385 768; x_wconf 77' lang='lat' dir='ltr'><strong>Trinitatem</strong></span> <span class='ocrx_word' id='word_1_17' title='bbox 397 715 530 767; x_wconf 77' lang='lat' dir='ltr'><strong>sanctam</strong></span> <span class='ocrx_word' id='word_1_18' title='bbox 543 708 696 766; x_wconf 78' lang='lat' dir='ltr'><strong>cernentia</strong></span> <span class='ocrx_word' id='word_1_19' title='bbox 708 711 882 785; x_wconf 75' lang='lat' dir='ltr'><strong>regnantem</strong></span> <span class='ocrx_word' id='word_1_20' title='bbox 895 707 928 764; x_wconf 91' lang='lat' dir='ltr'><strong>in</strong></span> <span class='ocrx_word' id='word_1_21' title='bbox 941 726 994 765; x_wconf 88' lang='lat' dir='ltr'><strong>sua</strong></span> <span class='ocrx_word' id='word_1_22' title='bbox 1007 706 1108 785; x_wconf 79' lang='lat' dir='ltr'><strong>gloria.</strong></span> 
     </span>
    </p>

    <p class='ocr_par' dir='ltr' id='par_1_5' title="bbox 207 786 1190 867">
     <span class='ocr_line' id='line_1_6' title="bbox 207 786 1190 867; baseline 0 -20"><span class='ocrx_word' id='word_1_23' title='bbox 207 791 322 861; x_wconf 82' lang='lat' dir='ltr'><strong>Quibus</strong></span> <span class='ocrx_word' id='word_1_24' title='bbox 331 791 395 867; x_wconf 88' lang='lat' dir='ltr'><strong>jam</strong></span> <span class='ocrx_word' id='word_1_25' title='bbox 408 789 648 847; x_wconf 82' lang='lat' dir='ltr'><strong>intercessoribus</strong></span> <span class='ocrx_word' id='word_1_26' title='bbox 661 794 696 846; x_wconf 94' lang='lat' dir='ltr'><strong>tu</strong></span> <span class='ocrx_word' id='word_1_27' title='bbox 708 808 771 859; x_wconf 91' lang='lat' dir='ltr'><strong>nos,</strong></span> <span class='ocrx_word' id='word_1_28' title='bbox 787 787 912 861; x_wconf 77' lang='lat' dir='ltr'><strong>Christe,</strong></span> <span class='ocrx_word' id='word_1_29' title='bbox 926 788 964 846; x_wconf 87' lang='lat' dir='ltr'><strong>ab</strong></span> <span class='ocrx_word' id='word_1_30' title='bbox 977 788 1059 846; x_wconf 87' lang='lat' dir='ltr'><strong>omni</strong></span> <span class='ocrx_word' id='word_1_31' title='bbox 1071 786 1190 847; x_wconf 69' lang='lat' dir='ltr'><strong>macula</strong></span> 
     </span>
    </p>

    <p class='ocr_par' dir='ltr' id='par_1_6' title="bbox 207 867 1013 942">
     <span class='ocr_line' id='line_1_7' title="bbox 207 867 1013 942; baseline -0.001 -14"><span class='ocrx_word' id='word_1_32' title='bbox 207 869 314 942; x_wconf 83' lang='lat' dir='ltr'><strong>Ablue,</strong></span> <span class='ocrx_word' id='word_1_33' title='bbox 328 880 359 929; x_wconf 91' lang='lat' dir='ltr'><strong>et</strong></span> <span class='ocrx_word' id='word_1_34' title='bbox 373 876 521 928; x_wconf 87' lang='lat' dir='ltr'><strong>consortes</strong></span> <span class='ocrx_word' id='word_1_35' title='bbox 540 869 600 927; x_wconf 90' lang='lat' dir='ltr'><strong>illis</strong></span> <span class='ocrx_word' id='word_1_36' title='bbox 614 889 668 927; x_wconf 87' lang='lat' dir='ltr'><strong>uos</strong></span> <span class='ocrx_word' id='word_1_37' title='bbox 681 870 761 927; x_wconf 90' lang='lat' dir='ltr'><strong>effice</strong></span> <span class='ocrx_word' id='word_1_38' title='bbox 781 874 836 926; x_wconf 91' lang='lat' dir='ltr'><strong>tua</strong></span> <span class='ocrx_word' id='word_1_39' title='bbox 848 867 1013 942; x_wconf 86' lang='lat' dir='ltr'><strong>clementia,</strong></span> 
     </span>
    </p>

    <p class='ocr_par' dir='ltr' id='par_1_7' title="bbox 209 948 903 1028">
     <span class='ocr_line' id='line_1_8' title="bbox 209 948 903 1028; baseline -0.006 -17"><span class='ocrx_word' id='word_1_40' title='bbox 209 951 273 1011; x_wconf 88' lang='lat' dir='ltr'><strong>Ubi</strong></span> <span class='ocrx_word' id='word_1_41' title='bbox 286 957 384 1010; x_wconf 58' lang='lat' dir='ltr'><strong>mcum</strong></span> <span class='ocrx_word' id='word_1_42' title='bbox 397 970 499 1010; x_wconf 86' lang='lat' dir='ltr'><strong>omncs</strong></span> <span class='ocrx_word' id='word_1_43' title='bbox 512 951 607 1008; x_wconf 85' lang='lat' dir='ltr'><strong>sancti</strong></span> <span class='ocrx_word' id='word_1_44' title='bbox 616 949 731 1028; x_wconf 86' lang='lat' dir='ltr'><strong>jugiter</strong></span> <span class='ocrx_word' id='word_1_45' title='bbox 742 948 903 1025; x_wconf 83' lang='lat' dir='ltr'><strong>exsultant.</strong></span> 
     </span>
    </p>
   </div>
   <div class='ocr_carea' id='block_1_3' title="bbox 662 1156 910 1225">
    <p class='ocr_par' dir='ltr' id='par_1_8' title="bbox 662 1156 910 1225">
     <span class='ocr_line' id='line_1_9' title="bbox 662 1156 910 1225; baseline 0.008 -1"><span class='ocrx_word' id='word_1_46' title='bbox 662 1167 793 1225; x_wconf 87' lang='lat' dir='ltr'><strong>LXXV.</strong></span> <span class='ocrx_word' id='word_1_47' title='bbox 907 1156 910 1165; x_wconf 52' lang='lat'><strong>¹</strong></span> 
     </span>
    </p>
   </div>
   <div class='ocr_carea' id='block_1_4' title="bbox 558 1297 895 1356">
    <p class='ocr_par' dir='ltr' id='par_1_9' title="bbox 558 1297 895 1356">
     <span class='ocr_line' id='line_1_10' title="bbox 558 1297 895 1356; baseline 0.009 -3"><span class='ocrx_word' id='word_1_48' title='bbox 558 1297 607 1354; x_wconf 84' lang='lat' dir='ltr'><strong>Du</strong></span> <span class='ocrx_word' id='word_1_49' title='bbox 627 1313 741 1356; x_wconf 71' lang='lat' dir='ltr'><strong>seuero</strong></span> <span class='ocrx_word' id='word_1_50' title='bbox 762 1297 895 1356; x_wconf 75' lang='lat' dir='ltr'><strong>Pascua</strong></span> 
     </span>
    </p>
   </div>
   <div class='ocr_carea' id='block_1_5' title="bbox 388 1417 816 1588">
    <p class='ocr_par' dir='ltr' id='par_1_10' title="bbox 388 1417 816 1588">
     <span class='ocr_line' id='line_1_11' title="bbox 389 1417 816 1494; baseline 0 -18"><span class='ocrx_word' id='word_1_51' title='bbox 389 1420 484 1477; x_wconf 81' lang='lat' dir='ltr'><strong>Proca</strong></span> <span class='ocrx_word' id='word_1_52' title='bbox 498 1420 538 1476; x_wconf 82' lang='lat' dir='ltr'><strong>ad</strong></span> <span class='ocrx_word' id='word_1_53' title='bbox 551 1417 708 1494; x_wconf 77' lang='lat' dir='ltr'><strong>Sequentia</strong></span> <span class='ocrx_word' id='word_1_54' title='bbox 721 1419 816 1494; x_wconf 77' lang='lat' dir='ltr'><strong>Vaga.</strong></span> 
     </span>
     <span class='ocr_line' id='line_1_12' title="bbox 388 1511 532 1588; baseline 0 -20"><span class='ocrx_word' id='word_1_55' title='bbox 388 1511 532 1588; x_wconf 86' lang='lat' dir='ltr'><strong>Alleluya.</strong></span> 
     </span>
    </p>
   </div>
   <div class='ocr_carea' id='block_1_6' title="bbox 327 1604 1064 2325">
    <p class='ocr_par' dir='ltr' id='par_1_11' title="bbox 327 1604 973 1761">
     <span class='ocr_line' id='line_1_13' title="bbox 327 1604 973 1682; baseline 0.002 -20"><span class='ocrx_word' id='word_1_56' title='bbox 327 1605 350 1662; x_wconf 83' lang='lat' dir='ltr'>J</span> <span class='ocrx_word' id='word_1_57' title='bbox 351 1620 480 1662; x_wconf 71' lang='lat' dir='ltr'><strong>UBILass</strong></span> <span class='ocrx_word' id='word_1_58' title='bbox 495 1621 651 1663; x_wconf 69' lang='lat' dir='ltr'><strong>coronare.</strong></span> <span class='ocrx_word' id='word_1_59' title='bbox 664 1625 743 1662; x_wconf 91' lang='lat' dir='ltr'><strong>nunc</strong></span> <span class='ocrx_word' id='word_1_60' title='bbox 757 1604 973 1682; x_wconf 75' lang='lat' dir='ltr'><strong>paraphonista</strong></span> 
     </span>
     <span class='ocr_line' id='line_1_14' title="bbox 331 1685 838 1761; baseline 0.002 -19"><span class='ocrx_word' id='word_1_61' title='bbox 331 1685 426 1742; x_wconf 83' lang='lat' dir='ltr'><strong>Solita</strong></span> <span class='ocrx_word' id='word_1_62' title='bbox 440 1685 592 1761; x_wconf 70' lang='lat' dir='ltr'><strong>praecelsas</strong></span> <span class='ocrx_word' id='word_1_63' title='bbox 605 1686 652 1743; x_wconf 89' lang='lat' dir='ltr'><strong>dic</strong></span> <span class='ocrx_word' id='word_1_64' title='bbox 665 1685 838 1761; x_wconf 83' lang='lat' dir='ltr'><strong>palinodiae,</strong></span> 
     </span>
    </p>

    <p class='ocr_par' dir='ltr' id='par_1_12' title="bbox 328 1766 1064 1999">
     <span class='ocr_line' id='line_1_15' title="bbox 329 1766 1064 1843; baseline 0.003 -21"><span class='ocrx_word' id='word_1_65' title='bbox 329 1766 410 1835; x_wconf 79' lang='lat' dir='ltr'><strong>Quas</strong></span> <span class='ocrx_word' id='word_1_66' title='bbox 423 1785 536 1842; x_wconf 82' lang='lat' dir='ltr'><strong>semper</strong></span> <span class='ocrx_word' id='word_1_67' title='bbox 550 1773 673 1823; x_wconf 86' lang='lat' dir='ltr'><strong>exornet</strong></span> <span class='ocrx_word' id='word_1_68' title='bbox 687 1766 863 1842; x_wconf 76' lang='lat' dir='ltr'><strong>symphonia</strong></span> <span class='ocrx_word' id='word_1_69' title='bbox 875 1766 1064 1843; x_wconf 85' lang='lat' dir='ltr'><strong>perplurima,</strong></span> 
     </span>
     <span class='ocr_line' id='line_1_16' title="bbox 328 1846 995 1924; baseline 0.004 -22"><span class='ocrx_word' id='word_1_70' title='bbox 328 1846 350 1902; x_wconf 89' lang='lat' dir='ltr'><strong>J</strong></span> <span class='ocrx_word' id='word_1_71' title='bbox 353 1866 389 1903; x_wconf 88' lang='lat' dir='ltr'><strong>un</strong></span> <span class='ocrx_word' id='word_1_72' title='bbox 392 1846 487 1922; x_wconf 86' lang='lat' dir='ltr'><strong>gendo</strong></span> <span class='ocrx_word' id='word_1_73' title='bbox 501 1847 615 1904; x_wconf 89' lang='lat' dir='ltr'><strong>cantica</strong></span> <span class='ocrx_word' id='word_1_74' title='bbox 628 1847 757 1904; x_wconf 91' lang='lat' dir='ltr'><strong>modulis</strong></span> <span class='ocrx_word' id='word_1_75' title='bbox 769 1846 995 1924; x_wconf 78' lang='lat' dir='ltr'><strong>hypophrygiea</strong></span> 
     </span>
     <span class='ocr_line' id='line_1_17' title="bbox 329 1926 695 1999; baseline 0.003 -16"><span class='ocrx_word' id='word_1_76' title='bbox 329 1926 410 1983; x_wconf 88' lang='lat' dir='ltr'><strong>Nam</strong></span> <span class='ocrx_word' id='word_1_77' title='bbox 423 1927 547 1984; x_wconf 88' lang='lat' dir='ltr'><strong>resultet</strong></span> <span class='ocrx_word' id='word_1_78' title='bbox 560 1928 622 1984; x_wconf 89' lang='lat' dir='ltr'><strong>dies</strong></span> <span class='ocrx_word' id='word_1_79' title='bbox 634 1928 695 1999; x_wconf 92' lang='lat' dir='ltr'><strong>illa,</strong></span> 
     </span>
    </p>

    <p class='ocr_par' dir='ltr' id='par_1_13' title="bbox 330 2007 737 2084">
     <span class='ocr_line' id='line_1_18' title="bbox 330 2007 737 2084; baseline 0.007 -22"><span class='ocrx_word' id='word_1_80' title='bbox 330 2007 396 2076; x_wconf 79' lang='lat' dir='ltr'><strong>era</strong></span> <span class='ocrx_word' id='word_1_81' title='bbox 409 2008 536 2084; x_wconf 83' lang='lat' dir='ltr'><strong>resurgit</strong></span> <span class='ocrx_word' id='word_1_82' title='bbox 550 2008 655 2065; x_wconf 92' lang='lat' dir='ltr'><strong>mundi</strong></span> <span class='ocrx_word' id='word_1_83' title='bbox 668 2009 737 2066; x_wconf 85' lang='lat' dir='ltr'><strong>vita</strong></span> 
     </span>
    </p>

    <p class='ocr_par' dir='ltr' id='par_1_14' title="bbox 327 2087 625 2145">
     <span class='ocr_line' id='line_1_19' title="bbox 327 2087 625 2145; baseline 0.007 -2"><span class='ocrx_word' id='word_1_84' title='bbox 327 2087 391 2144; x_wconf 89' lang='lat' dir='ltr'><strong>Nos</strong></span> <span class='ocrx_word' id='word_1_85' title='bbox 404 2107 457 2145; x_wconf 89' lang='lat' dir='ltr'><strong>sua</strong></span> <span class='ocrx_word' id='word_1_86' title='bbox 471 2088 625 2145; x_wconf 88' lang='lat' dir='ltr'><strong>clementia</strong></span> 
     </span>
    </p>

    <p class='ocr_par' dir='ltr' id='par_1_15' title="bbox 329 2167 632 2244">
     <span class='ocr_line' id='line_1_20' title="bbox 329 2167 632 2244; baseline 0.01 -21"><span class='ocrx_word' id='word_1_87' title='bbox 329 2167 449 2225; x_wconf 87' lang='lat' dir='ltr'><strong>Ditavit</strong></span> <span class='ocrx_word' id='word_1_88' title='bbox 462 2188 513 2244; x_wconf 90' lang='lat' dir='ltr'><strong>spe</strong></span> <span class='ocrx_word' id='word_1_89' title='bbox 526 2169 632 2239; x_wconf 86' lang='lat' dir='ltr'><strong>valida,</strong></span> 
     </span>
    </p>

    <p class='ocr_par' dir='ltr' id='par_1_16' title="bbox 328 2247 842 2325">
     <span class='ocr_line' id='line_1_21' title="bbox 328 2247 842 2325; baseline 0.004 -20"><span class='ocrx_word' id='word_1_90' title='bbox 328 2247 394 2317; x_wconf 81' lang='lat' dir='ltr'><strong>Quo</strong></span> <span class='ocrx_word' id='word_1_91' title='bbox 407 2255 474 2325; x_wconf 90' lang='lat' dir='ltr'><strong>post</strong></span> <span class='ocrx_word' id='word_1_92' title='bbox 487 2269 672 2323; x_wconf 77' lang='lat' dir='ltr'><strong>resurgamus</strong></span> <span class='ocrx_word' id='word_1_93' title='bbox 684 2250 718 2307; x_wconf 92' lang='lat' dir='ltr'><strong>in</strong></span> <span class='ocrx_word' id='word_1_94' title='bbox 731 2250 842 2308; x_wconf 83' lang='lat' dir='ltr'><strong>saecula.</strong></span> 
     </span>
    </p>
   </div>
   <div class='ocr_carea' id='block_1_7' title="bbox 650 2444 802 2504">
    <p class='ocr_par' dir='ltr' id='par_1_17' title="bbox 650 2444 802 2504">
     <span class='ocr_line' id='line_1_22' title="bbox 650 2444 802 2504; baseline 0.007 -1"><span class='ocrx_word' id='word_1_95' title='bbox 650 2444 802 2504; x_wconf 90' lang='lat' dir='ltr'><strong>LXXVI.</strong></span> 
     </span>
    </p>
   </div>
   <div class='ocr_carea' id='block_1_8' title="bbox 186 2562 960 2719">
    <p class='ocr_par' dir='ltr' id='par_1_18' title="bbox 186 2562 960 2719">
     <span class='ocr_line' id='line_1_23' title="bbox 470 2562 960 2621; baseline 0 -1"><span class='ocrx_word' id='word_1_96' title='bbox 470 2564 565 2620; x_wconf 78' lang='lat' dir='ltr'><strong>Proca</strong></span> <span class='ocrx_word' id='word_1_97' title='bbox 582 2580 623 2620; x_wconf 83' lang='lat' dir='ltr'><strong>ns</strong></span> <span class='ocrx_word' id='word_1_98' title='bbox 645 2562 764 2621; x_wconf 71' lang='lat' dir='ltr'><strong>Seuero</strong></span> <span class='ocrx_word' id='word_1_99' title='bbox 786 2562 960 2620; x_wconf 78' lang='lat' dir='ltr'><strong>Swmnuro</strong></span> 
     </span>
     <span class='ocr_line' id='line_1_24' title="bbox 186 2644 331 2719; baseline -0.021 -16"><span class='ocrx_word' id='word_1_100' title='bbox 186 2644 331 2719; x_wconf 85' lang='lat' dir='ltr'><strong>Alleluya</strong></span> 
     </span>
    </p>
   </div>
   <div class='ocr_carea' id='block_1_9' title="bbox 124 2735 1320 4343">
    <p class='ocr_par' dir='ltr' id='par_1_19' title="bbox 126 2735 1231 2815">
     <span class='ocr_line' id='line_1_25' title="bbox 126 2735 1231 2815; baseline 0.001 -21"><span class='ocrx_word' id='word_1_101' title='bbox 126 2736 220 2794; x_wconf 76' lang='lat' dir='ltr'><strong>Anna</strong></span> <span class='ocrx_word' id='word_1_102' title='bbox 239 2753 357 2794; x_wconf 78' lang='lat' dir='ltr'><strong>coneus</strong></span> <span class='ocrx_word' id='word_1_103' title='bbox 378 2752 442 2794; x_wconf 77' lang='lat' dir='ltr'><strong>ora</strong></span> <span class='ocrx_word' id='word_1_104' title='bbox 461 2736 583 2793; x_wconf 84' lang='lat' dir='ltr'><strong>laudum</strong></span> <span class='ocrx_word' id='word_1_105' title='bbox 597 2755 701 2793; x_wconf 87' lang='lat' dir='ltr'><strong>sonora</strong></span> <span class='ocrx_word' id='word_1_106' title='bbox 714 2756 793 2793; x_wconf 93' lang='lat' dir='ltr'><strong>nunc</strong></span> <span class='ocrx_word' id='word_1_107' title='bbox 806 2755 908 2811; x_wconf 90' lang='lat' dir='ltr'><strong>prome</strong></span> <span class='ocrx_word' id='word_1_108' title='bbox 921 2736 1066 2812; x_wconf 81' lang='lat' dir='ltr'><strong>praeconia</strong></span> <span class='ocrx_word' id='word_1_109' title='bbox 1078 2735 1231 2815; x_wconf 73' lang='lat' dir='ltr'><strong>Alleluya,</strong></span> 
     </span>
    </p>

    <p class='ocr_par' dir='ltr' id='par_1_20' title="bbox 126 2816 1121 2894">
     <span class='ocr_line' id='line_1_26' title="bbox 126 2816 1121 2894; baseline 0.002 -19"><span class='ocrx_word' id='word_1_110' title='bbox 126 2817 242 2886; x_wconf 80' lang='lat' dir='ltr'><strong>Quibus</strong></span> <span class='ocrx_word' id='word_1_111' title='bbox 255 2837 292 2874; x_wconf 93' lang='lat' dir='ltr'><strong>en</strong></span> <span class='ocrx_word' id='word_1_112' title='bbox 307 2817 430 2894; x_wconf 81' lang='lat' dir='ltr'><strong>insignis</strong></span> <span class='ocrx_word' id='word_1_113' title='bbox 443 2817 549 2875; x_wconf 89' lang='lat' dir='ltr'><strong>rutilat</strong></span> <span class='ocrx_word' id='word_1_114' title='bbox 562 2817 736 2874; x_wconf 83' lang='lat' dir='ltr'><strong>Swithunus</strong></span> <span class='ocrx_word' id='word_1_115' title='bbox 749 2823 784 2874; x_wconf 93' lang='lat' dir='ltr'><strong>ut</strong></span> <span class='ocrx_word' id='word_1_116' title='bbox 797 2817 877 2888; x_wconf 91' lang='lat' dir='ltr'><strong>luna,</strong></span> <span class='ocrx_word' id='word_1_117' title='bbox 892 2817 1003 2893; x_wconf 91' lang='lat' dir='ltr'><strong>solque,</strong></span> <span class='ocrx_word' id='word_1_118' title='bbox 1018 2816 1121 2877; x_wconf 81' lang='lat' dir='ltr'><strong>sidera</strong></span> 
     </span>
    </p>

    <p class='ocr_par' dir='ltr' id='par_1_21' title="bbox 126 2898 1036 2974">
     <span class='ocr_line' id='line_1_27' title="bbox 126 2898 1036 2974; baseline 0.001 -20"><span class='ocrx_word' id='word_1_119' title='bbox 126 2899 306 2956; x_wconf 88' lang='lat' dir='ltr'><strong>Meritorum</strong></span> <span class='ocrx_word' id='word_1_120' title='bbox 320 2905 365 2955; x_wconf 89' lang='lat' dir='ltr'><strong>est</strong></span> <span class='ocrx_word' id='word_1_121' title='bbox 379 2898 503 2955; x_wconf 85' lang='lat' dir='ltr'><strong>mirifica</strong></span> <span class='ocrx_word' id='word_1_122' title='bbox 516 2898 633 2955; x_wconf 85' lang='lat' dir='ltr'><strong>radians</strong></span> <span class='ocrx_word' id='word_1_123' title='bbox 647 2898 725 2955; x_wconf 89' lang='lat' dir='ltr'><strong>idem</strong></span> <span class='ocrx_word' id='word_1_124' title='bbox 738 2917 820 2955; x_wconf 92' lang='lat' dir='ltr'><strong>sacra</strong></span> <span class='ocrx_word' id='word_1_125' title='bbox 832 2899 1036 2974; x_wconf 87' lang='lat' dir='ltr'><strong>praerogativa.</strong></span> 
     </span>
    </p>

    <p class='ocr_par' dir='ltr' id='par_1_22' title="bbox 126 2977 1320 3136">
     <span class='ocr_line' id='line_1_28' title="bbox 126 2977 1320 3056; baseline 0.004 -22"><span class='ocrx_word' id='word_1_126' title='bbox 126 2979 188 3036; x_wconf 94' lang='lat' dir='ltr'><strong>Hic</strong></span> <span class='ocrx_word' id='word_1_127' title='bbox 202 2999 271 3036; x_wconf 91' lang='lat' dir='ltr'><strong>nam</strong></span> <span class='ocrx_word' id='word_1_128' title='bbox 293 2979 408 3054; x_wconf 83' lang='lat' dir='ltr'><strong>Sophiae</strong></span> <span class='ocrx_word' id='word_1_129' title='bbox 427 2979 552 3053; x_wconf 88' lang='lat' dir='ltr'><strong>mystica</strong></span> <span class='ocrx_word' id='word_1_130' title='bbox 570 2979 688 3036; x_wconf 88' lang='lat' dir='ltr'><strong>ornavit</strong></span> <span class='ocrx_word' id='word_1_131' title='bbox 706 2979 780 3036; x_wconf 88' lang='lat' dir='ltr'><strong>mire</strong></span> <span class='ocrx_word' id='word_1_132' title='bbox 800 2978 938 3056; x_wconf 83' lang='lat' dir='ltr'><strong>dogmata</strong></span> <span class='ocrx_word' id='word_1_133' title='bbox 953 2999 1013 3056; x_wconf 90' lang='lat' dir='ltr'><strong>qua</strong></span> <span class='ocrx_word' id='word_1_134' title='bbox 1027 2977 1112 3037; x_wconf 82' lang='lat' dir='ltr'><strong>fulsit</strong></span> <span class='ocrx_word' id='word_1_135' title='bbox 1130 2978 1228 3038; x_wconf 79' lang='lat' dir='ltr'><strong>nitida</strong></span> <span class='ocrx_word' id='word_1_136' title='bbox 1244 2980 1320 3039; x_wconf 84' lang='lat' dir='ltr'><strong>luen·</strong></span> 
     </span>
     <span class='ocr_line' id='line_1_29' title="bbox 207 3059 688 3136; baseline -0.002 -19"><span class='ocrx_word' id='word_1_137' title='bbox 207 3060 304 3117; x_wconf 85' lang='lat' dir='ltr'><strong>lenter</strong></span> <span class='ocrx_word' id='word_1_138' title='bbox 315 3079 369 3135; x_wconf 87' lang='lat' dir='ltr'><strong>per</strong></span> <span class='ocrx_word' id='word_1_139' title='bbox 381 3060 479 3136; x_wconf 88' lang='lat' dir='ltr'><strong>ampla</strong></span> <span class='ocrx_word' id='word_1_140' title='bbox 492 3059 571 3116; x_wconf 90' lang='lat' dir='ltr'><strong>orbis</strong></span> <span class='ocrx_word' id='word_1_141' title='bbox 584 3059 688 3134; x_wconf 89' lang='lat' dir='ltr'><strong>spatia,</strong></span> 
     </span>
    </p>

    <p class='ocr_par' dir='ltr' id='par_1_23' title="bbox 125 3138 1320 3297">
     <span class='ocr_line' id='line_1_30' title="bbox 125 3138 1320 3219; baseline 0.005 -24"><span class='ocrx_word' id='word_1_142' title='bbox 125 3140 222 3197; x_wconf 87' lang='lat' dir='ltr'><strong>Verbi</strong></span> <span class='ocrx_word' id='word_1_143' title='bbox 242 3159 358 3198; x_wconf 90' lang='lat' dir='ltr'><strong>necnon</strong></span> <span class='ocrx_word' id='word_1_144' title='bbox 379 3140 533 3197; x_wconf 86' lang='lat' dir='ltr'><strong>fructifera</strong></span> <span class='ocrx_word' id='word_1_145' title='bbox 554 3141 632 3197; x_wconf 88' lang='lat' dir='ltr'><strong>sevit</strong></span> <span class='ocrx_word' id='word_1_146' title='bbox 645 3140 741 3197; x_wconf 89' lang='lat' dir='ltr'><strong>divini</strong></span> <span class='ocrx_word' id='word_1_147' title='bbox 754 3140 874 3214; x_wconf 86' lang='lat' dir='ltr'><strong>semina,</strong></span> <span class='ocrx_word' id='word_1_148' title='bbox 889 3140 1036 3199; x_wconf 85' lang='lat' dir='ltr'><strong>mentium</strong></span> <span class='ocrx_word' id='word_1_149' title='bbox 1057 3138 1167 3218; x_wconf 78' lang='lat' dir='ltr'><strong>prava*</strong></span> <span class='ocrx_word' id='word_1_150' title='bbox 1187 3142 1320 3219; x_wconf 81' lang='lat' dir='ltr'><strong>pellendo</strong></span> 
     </span>
     <span class='ocr_line' id='line_1_31' title="bbox 206 3220 676 3297; baseline 0 -19"><span class='ocrx_word' id='word_1_151' title='bbox 206 3240 323 3297; x_wconf 90' lang='lat' dir='ltr'><strong>quoque</strong></span> <span class='ocrx_word' id='word_1_152' title='bbox 337 3226 442 3278; x_wconf 86' lang='lat' dir='ltr'><strong>cuncta</strong></span> <span class='ocrx_word' id='word_1_153' title='bbox 458 3221 552 3278; x_wconf 87' lang='lat' dir='ltr'><strong>noctis</strong></span> <span class='ocrx_word' id='word_1_154' title='bbox 566 3220 676 3278; x_wconf 83' lang='lat' dir='ltr'><strong>nubila.</strong></span> 
     </span>
    </p>

    <p class='ocr_par' dir='ltr' id='par_1_24' title="bbox 126 3301 1152 3378">
     <span class='ocr_line' id='line_1_32' title="bbox 126 3301 1152 3378; baseline 0.004 -21"><span class='ocrx_word' id='word_1_155' title='bbox 126 3301 187 3359; x_wconf 92' lang='lat' dir='ltr'><strong>Hic</strong></span> <span class='ocrx_word' id='word_1_156' title='bbox 200 3301 311 3359; x_wconf 88' lang='lat' dir='ltr'><strong>famina</strong></span> <span class='ocrx_word' id='word_1_157' title='bbox 324 3301 452 3359; x_wconf 86' lang='lat' dir='ltr'><strong>fundens</strong></span> <span class='ocrx_word' id='word_1_158' title='bbox 470 3302 547 3372; x_wconf 87' lang='lat' dir='ltr'><strong>diva,</strong></span> <span class='ocrx_word' id='word_1_159' title='bbox 562 3307 666 3378; x_wconf 89' lang='lat' dir='ltr'><strong>utpote</strong></span> <span class='ocrx_word' id='word_1_160' title='bbox 683 3302 810 3360; x_wconf 84' lang='lat' dir='ltr'><strong>calestia</strong></span> <span class='ocrx_word' id='word_1_161' title='bbox 823 3302 919 3360; x_wconf 85' lang='lat' dir='ltr'><strong>ferens</strong></span> <span class='ocrx_word' id='word_1_162' title='bbox 932 3303 965 3359; x_wconf 92' lang='lat' dir='ltr'><strong>in</strong></span> <span class='ocrx_word' id='word_1_163' title='bbox 973 3322 1006 3360; x_wconf 91' lang='lat' dir='ltr'><strong>se</strong></span> <span class='ocrx_word' id='word_1_164' title='bbox 1018 3304 1152 3375; x_wconf 84' lang='lat' dir='ltr'><strong>numina,</strong></span> 
     </span>
    </p>

    <p class='ocr_par' dir='ltr' id='par_1_25' title="bbox 125 3382 1134 3460">
     <span class='ocr_line' id='line_1_33' title="bbox 125 3382 1134 3460; baseline 0.004 -21"><span class='ocrx_word' id='word_1_165' title='bbox 125 3382 306 3439; x_wconf 85' lang='lat' dir='ltr'><strong>Sublimavit</strong></span> <span class='ocrx_word' id='word_1_166' title='bbox 320 3382 472 3440; x_wconf 83' lang='lat' dir='ltr'><strong>Catholica</strong></span> <span class='ocrx_word' id='word_1_167' title='bbox 485 3382 674 3439; x_wconf 88' lang='lat' dir='ltr'><strong>vehementer</strong></span> <span class='ocrx_word' id='word_1_168' title='bbox 687 3382 816 3440; x_wconf 89' lang='lat' dir='ltr'><strong>culmina</strong></span> <span class='ocrx_word' id='word_1_169' title='bbox 829 3389 931 3440; x_wconf 86' lang='lat' dir='ltr'><strong>sancta</strong></span> <span class='ocrx_word' id='word_1_170' title='bbox 943 3403 997 3459; x_wconf 83' lang='lat' dir='ltr'><strong>per</strong></span> <span class='ocrx_word' id='word_1_171' title='bbox 1009 3383 1134 3460; x_wconf 86' lang='lat' dir='ltr'><strong>eloquia.</strong></span> 
     </span>
    </p>

    <p class='ocr_par' dir='ltr' id='par_1_26' title="bbox 125 3462 1320 3601">
     <span class='ocr_line' id='line_1_34' title="bbox 125 3462 1320 3539; baseline 0.006 -21"><span class='ocrx_word' id='word_1_172' title='bbox 125 3463 156 3519; x_wconf 88' lang='lat' dir='ltr'><strong>Is</strong></span> <span class='ocrx_word' id='word_1_173' title='bbox 170 3482 275 3539; x_wconf 91' lang='lat' dir='ltr'><strong>nempe</strong></span> <span class='ocrx_word' id='word_1_174' title='bbox 288 3462 365 3520; x_wconf 90' lang='lat' dir='ltr'><strong>celsa</strong></span> <span class='ocrx_word' id='word_1_175' title='bbox 378 3482 496 3539; x_wconf 87' lang='lat' dir='ltr'><strong>compos</strong></span> <span class='ocrx_word' id='word_1_176' title='bbox 508 3463 602 3538; x_wconf 85' lang='lat' dir='ltr'><strong>gloria</strong></span> <span class='ocrx_word' id='word_1_177' title='bbox 615 3483 694 3521; x_wconf 91' lang='lat' dir='ltr'><strong>nunc</strong></span> <span class='ocrx_word' id='word_1_178' title='bbox 708 3464 839 3521; x_wconf 83' lang='lat' dir='ltr'><strong>exsultat</strong></span> <span class='ocrx_word' id='word_1_179' title='bbox 852 3465 933 3522; x_wconf 87' lang='lat' dir='ltr'><strong>inter</strong></span> <span class='ocrx_word' id='word_1_180' title='bbox 945 3464 1115 3523; x_wconf 83' lang='lat' dir='ltr'><strong>laetabunda</strong></span> <span class='ocrx_word' id='word_1_181' title='bbox 1127 3463 1320 3525; x_wconf 77' lang='lat' dir='ltr'><strong>coelieolarum</strong></span> 
     </span>
     <span class='ocr_line' id='line_1_35' title="bbox 203 3543 517 3601; baseline 0.003 -1"><span class='ocrx_word' id='word_1_182' title='bbox 203 3563 294 3601; x_wconf 80' lang='lat' dir='ltr'><strong>ovans</strong></span> <span class='ocrx_word' id='word_1_183' title='bbox 306 3543 498 3601; x_wconf 88' lang='lat' dir='ltr'><strong>contubernia</strong></span> <span class='ocrx_word' id='word_1_184' title='bbox 510 3565 517 3600; x_wconf 78' lang='lat' dir='ltr'>z</span> 
     </span>
    </p>

    <p class='ocr_par' dir='ltr' id='par_1_27' title="bbox 124 3624 1319 3780">
     <span class='ocr_line' id='line_1_36' title="bbox 124 3624 1319 3705; baseline 0.004 -23"><span class='ocrx_word' id='word_1_185' title='bbox 124 3624 265 3682; x_wconf 81' lang='lat' dir='ltr'><strong>Sublimis</strong></span> <span class='ocrx_word' id='word_1_186' title='bbox 283 3630 367 3682; x_wconf 84' lang='lat' dir='ltr'><strong>extat</strong></span> <span class='ocrx_word' id='word_1_187' title='bbox 386 3625 460 3699; x_wconf 87' lang='lat' dir='ltr'><strong>sede</strong></span> <span class='ocrx_word' id='word_1_188' title='bbox 471 3644 576 3700; x_wconf 89' lang='lat' dir='ltr'><strong>supera</strong></span> <span class='ocrx_word' id='word_1_189' title='bbox 593 3625 694 3682; x_wconf 84' lang='lat' dir='ltr'><strong>fruens</strong></span> <span class='ocrx_word' id='word_1_190' title='bbox 708 3625 771 3682; x_wconf 84' lang='lat' dir='ltr'><strong>vita</strong></span> <span class='ocrx_word' id='word_1_191' title='bbox 789 3645 903 3701; x_wconf 82' lang='lat' dir='ltr'><strong>semper</strong></span> <span class='ocrx_word' id='word_1_192' title='bbox 919 3625 1095 3683; x_wconf 87' lang='lat' dir='ltr'><strong>inexhausta</strong></span> <span class='ocrx_word' id='word_1_193' title='bbox 1112 3632 1161 3685; x_wconf 80' lang='lat' dir='ltr'><strong>sat</strong></span> <span class='ocrx_word' id='word_1_194' title='bbox 1174 3646 1227 3705; x_wconf 85' lang='lat' dir='ltr'><strong>per</strong></span> <span class='ocrx_word' id='word_1_195' title='bbox 1247 3628 1319 3687; x_wconf 76' lang='lat' dir='ltr'><strong>salu-</strong></span> 
     </span>
     <span class='ocr_line' id='line_1_37' title="bbox 203 3705 584 3780; baseline 0 -18"><span class='ocrx_word' id='word_1_196' title='bbox 203 3705 332 3763; x_wconf 83' lang='lat' dir='ltr'><strong>berrima</strong></span> <span class='ocrx_word' id='word_1_197' title='bbox 346 3705 458 3762; x_wconf 83' lang='lat' dir='ltr'><strong>Christi</strong></span> <span class='ocrx_word' id='word_1_198' title='bbox 470 3725 584 3780; x_wconf 86' lang='lat' dir='ltr'><strong>pascua.</strong></span> 
     </span>
    </p>

    <p class='ocr_par' dir='ltr' id='par_1_28' title="bbox 125 3785 1319 3944">
     <span class='ocr_line' id='line_1_38' title="bbox 125 3785 1319 3865; baseline 0.007 -23"><span class='ocrx_word' id='word_1_199' title='bbox 125 3786 151 3842; x_wconf 95' lang='grc' dir='ltr'>Ο</span> <span class='ocrx_word' id='word_1_200' title='bbox 163 3786 286 3862; x_wconf 87' lang='lat' dir='ltr'><strong>dignum</strong></span> <span class='ocrx_word' id='word_1_201' title='bbox 300 3792 405 3843; x_wconf 91' lang='lat' dir='ltr'><strong>cuncta</strong></span> <span class='ocrx_word' id='word_1_202' title='bbox 414 3785 500 3843; x_wconf 89' lang='lat' dir='ltr'><strong>laude</strong></span> <span class='ocrx_word' id='word_1_203' title='bbox 513 3786 649 3861; x_wconf 86' lang='lat' dir='ltr'><strong>praecelsa</strong></span> <span class='ocrx_word' id='word_1_204' title='bbox 662 3787 816 3861; x_wconf 71' lang='lat' dir='ltr'><strong>presulem</strong></span> <span class='ocrx_word' id='word_1_205' title='bbox 826 3792 912 3844; x_wconf 86' lang='lat' dir='ltr'><strong>tanta</strong></span> <span class='ocrx_word' id='word_1_206' title='bbox 924 3792 1046 3844; x_wconf 91' lang='lat' dir='ltr'><strong>nactum</strong></span> <span class='ocrx_word' id='word_1_207' title='bbox 1054 3787 1164 3865; x_wconf 84' lang='lat' dir='ltr'><strong>gaudia</strong></span> <span class='ocrx_word' id='word_1_208' title='bbox 1173 3790 1319 3849; x_wconf 82' lang='lat' dir='ltr'><strong>virtutum</strong></span> 
     </span>
     <span class='ocr_line' id='line_1_39' title="bbox 203 3867 1091 3944; baseline 0.002 -20"><span class='ocrx_word' id='word_1_209' title='bbox 203 3873 324 3943; x_wconf 90' lang='lat' dir='ltr'><strong>propter</strong></span> <span class='ocrx_word' id='word_1_210' title='bbox 337 3867 451 3937; x_wconf 89' lang='lat' dir='ltr'><strong>merita,</strong></span> <span class='ocrx_word' id='word_1_211' title='bbox 466 3867 574 3942; x_wconf 84' lang='lat' dir='ltr'><strong>quibus</strong></span> <span class='ocrx_word' id='word_1_212' title='bbox 584 3867 681 3943; x_wconf 85' lang='lat' dir='ltr'><strong>viguit</strong></span> <span class='ocrx_word' id='word_1_213' title='bbox 693 3868 798 3924; x_wconf 89' lang='lat' dir='ltr'><strong>ardens</strong></span> <span class='ocrx_word' id='word_1_214' title='bbox 811 3868 895 3925; x_wconf 87' lang='lat' dir='ltr'><strong>velut</strong></span> <span class='ocrx_word' id='word_1_215' title='bbox 908 3867 1050 3944; x_wconf 83' lang='lat' dir='ltr'><strong>lampada.</strong></span> <span class='ocrx_word' id='word_1_216' title='bbox 1085 3886 1091 3897; x_wconf 88' lang='lat'><strong>·</strong></span> 
     </span>
    </p>

    <p class='ocr_par' dir='ltr' id='par_1_29' title="bbox 124 3947 1319 4106">
     <span class='ocr_line' id='line_1_40' title="bbox 124 3947 1319 4031; baseline 0.007 -27"><span class='ocrx_word' id='word_1_217' title='bbox 124 3947 188 4005; x_wconf 87' lang='lat' dir='ltr'><strong>Nos</strong></span> <span class='ocrx_word' id='word_1_218' title='bbox 206 3949 341 4024; x_wconf 85' lang='lat' dir='ltr'><strong>quoque†</strong></span> <span class='ocrx_word' id='word_1_219' title='bbox 363 3948 441 4006; x_wconf 89' lang='lat' dir='ltr'><strong>clara</strong></span> <span class='ocrx_word' id='word_1_220' title='bbox 463 3949 532 4005; x_wconf 90' lang='lat' dir='ltr'><strong>hinc</strong></span> <span class='ocrx_word' id='word_1_221' title='bbox 550 3954 580 4005; x_wconf 90' lang='lat' dir='ltr'><strong>et</strong></span> <span class='ocrx_word' id='word_1_222' title='bbox 598 3948 727 4023; x_wconf 89' lang='lat' dir='ltr'><strong>jocunda</strong></span> <span class='ocrx_word' id='word_1_223' title='bbox 748 3948 853 4006; x_wconf 87' lang='lat' dir='ltr'><strong>dantes</strong></span> <span class='ocrx_word' id='word_1_224' title='bbox 874 3968 991 4007; x_wconf 91' lang='lat' dir='ltr'><strong>oramus</strong></span> <span class='ocrx_word' id='word_1_225' title='bbox 1012 3968 1112 4026; x_wconf 89' lang='lat' dir='ltr'><strong>preces</strong></span> <span class='ocrx_word' id='word_1_226' title='bbox 1127 3956 1161 4008; x_wconf 86' lang='lat' dir='ltr'><strong>et</strong></span> <span class='ocrx_word' id='word_1_227' title='bbox 1173 3956 1256 4026; x_wconf 80' lang='lat' dir='ltr'><strong>vota,</strong></span> <span class='ocrx_word' id='word_1_228' title='bbox 1268 3952 1319 4031; x_wconf 82' lang='lat' dir='ltr'><strong>qui</strong></span> 
     </span>
     <span class='ocr_line' id='line_1_41' title="bbox 203 4029 1147 4106; baseline 0.004 -21"><span class='ocrx_word' id='word_1_229' title='bbox 203 4029 289 4086; x_wconf 87' lang='lat' dir='ltr'><strong>nobis</strong></span> <span class='ocrx_word' id='word_1_230' title='bbox 302 4029 378 4086; x_wconf 89' lang='lat' dir='ltr'><strong>ferat</strong></span> <span class='ocrx_word' id='word_1_231' title='bbox 391 4029 550 4098; x_wconf 88' lang='lat' dir='ltr'><strong>commoda,</strong></span> <span class='ocrx_word' id='word_1_232' title='bbox 565 4029 704 4104; x_wconf 87' lang='lat' dir='ltr'><strong>impetret</strong></span> <span class='ocrx_word' id='word_1_233' title='bbox 716 4035 747 4086; x_wconf 89' lang='lat' dir='ltr'><strong>et</strong></span> <span class='ocrx_word' id='word_1_234' title='bbox 760 4034 871 4087; x_wconf 84' lang='lat' dir='ltr'><strong>aeterna</strong></span> <span class='ocrx_word' id='word_1_235' title='bbox 884 4048 1004 4106; x_wconf 87' lang='lat' dir='ltr'><strong>poscens</strong></span> <span class='ocrx_word' id='word_1_236' title='bbox 1017 4030 1147 4106; x_wconf 67' lang='lat' dir='ltr'><strong>pramis.</strong></span> 
     </span>
    </p>

    <p class='ocr_par' dir='ltr' id='par_1_30' title="bbox 124 4108 1320 4343">
     <span class='ocr_line' id='line_1_42' title="bbox 124 4108 1320 4188; baseline 0.008 -23"><span class='ocrx_word' id='word_1_237' title='bbox 124 4108 209 4178; x_wconf 82' lang='lat' dir='ltr'><strong>Quod</strong></span> <span class='ocrx_word' id='word_1_238' title='bbox 223 4110 299 4186; x_wconf 87' lang='lat' dir='ltr'><strong>petit</strong></span> <span class='ocrx_word' id='word_1_239' title='bbox 312 4129 438 4185; x_wconf 88' lang='lat' dir='ltr'><strong>praesens</strong></span> <span class='ocrx_word' id='word_1_240' title='bbox 451 4115 578 4178; x_wconf 86' lang='lat' dir='ltr'><strong>caterva,</strong></span> <span class='ocrx_word' id='word_1_241' title='bbox 588 4109 764 4186; x_wconf 78' lang='lat' dir='ltr'><strong>praesulumss</strong></span> <span class='ocrx_word' id='word_1_242' title='bbox 777 4129 907 4186; x_wconf 86' lang='lat' dir='ltr'><strong>gemma,</strong></span> <span class='ocrx_word' id='word_1_243' title='bbox 922 4110 1028 4168; x_wconf 89' lang='lat' dir='ltr'><strong>devota</strong></span> <span class='ocrx_word' id='word_1_244' title='bbox 1040 4112 1206 4188; x_wconf 83' lang='lat' dir='ltr'><strong>rependens</strong></span> <span class='ocrx_word' id='word_1_245' title='bbox 1218 4114 1320 4173; x_wconf 80' lang='lat' dir='ltr'><strong>munia</strong></span> 
     </span>
     <span class='ocr_line' id='line_1_43' title="bbox 202 4189 1319 4271; baseline 0.007 -24"><span class='ocrx_word' id='word_1_246' title='bbox 202 4196 301 4248; x_wconf 91' lang='lat' dir='ltr'><strong>mente</strong></span> <span class='ocrx_word' id='word_1_247' title='bbox 322 4192 443 4263; x_wconf 88' lang='lat' dir='ltr'><strong>sincera,</strong></span> <span class='ocrx_word' id='word_1_248' title='bbox 466 4189 592 4247; x_wconf 86' lang='lat' dir='ltr'><strong>favenda</strong></span> <span class='ocrx_word' id='word_1_249' title='bbox 615 4190 672 4246; x_wconf 93' lang='lat' dir='ltr'><strong>sibi</strong></span> <span class='ocrx_word' id='word_1_250' title='bbox 691 4210 811 4267; x_wconf 90' lang='lat' dir='ltr'><strong>precum</strong></span> <span class='ocrx_word' id='word_1_251' title='bbox 832 4191 977 4249; x_wconf 88' lang='lat' dir='ltr'><strong>instantia</strong></span> <span class='ocrx_word' id='word_1_252' title='bbox 997 4192 1109 4251; x_wconf 86' lang='lat' dir='ltr'><strong>scilicet</strong></span> <span class='ocrx_word' id='word_1_253' title='bbox 1127 4199 1165 4252; x_wconf 86' lang='lat' dir='ltr'><strong>ut</strong></span> <span class='ocrx_word' id='word_1_254' title='bbox 1183 4194 1319 4271; x_wconf 86' lang='lat' dir='ltr'><strong>polorum</strong></span> 
     </span>
     <span class='ocr_line' id='line_1_44' title="bbox 186 4270 435 4343; baseline 0.008 -17"><span class='ocrx_word' id='word_1_255' title='bbox 186 4270 296 4328; x_wconf 82' lang='lat' dir='ltr'><strong>&#39;intret</strong></span> <span class='ocrx_word' id='word_1_256' title='bbox 312 4270 435 4343; x_wconf 87' lang='lat' dir='ltr'><strong>limina;</strong></span> 
     </span>
    </p>
   </div>
   <div class='ocr_carea' id='block_1_10' title="bbox 123 4413 1321 4481">
    <p class='ocr_par' dir='ltr' id='par_1_31' title="bbox 123 4413 1321 4481">
     <span class='ocr_line' id='line_1_45' title="bbox 123 4413 1321 4481; baseline 0.003 -23"><span class='ocrx_word' id='word_1_257' title='bbox 123 4413 346 4472; x_wconf 57' lang='lat' dir='ltr'><strong>*Mb—“parva”</strong></span> <span class='ocrx_word' id='word_1_258' title='bbox 403 4413 740 4474; x_wconf 80' lang='lat' dir='ltr'><strong>†SarumMissa1-“roce.”</strong></span> <span class='ocrx_word' id='word_1_259' title='bbox 801 4413 1064 4472; x_wconf 76' lang='lat' dir='ltr'><strong>ssSoSerumMissal.</strong></span> <span class='ocrx_word' id='word_1_260' title='bbox 1089 4416 1321 4481; x_wconf 53' lang='lat' dir='ltr'><strong>lia-“pram’&#39;</strong></span> 
     </span>
    </p>
   </div>
   <div class='ocr_carea' id='block_1_11' title="bbox 0 0 1460 4904">
    <p class='ocr_par' dir='ltr' id='par_1_32' title="bbox 0 0 1460 4904">
     <span class='ocr_line' id='line_1_46' title="bbox 0 0 1460 4904; baseline 0 0"><span class='ocrx_word' id='word_1_261' title='bbox 0 0 1460 4904; x_wconf 95' lang='lat' dir='ltr'><strong> </strong></span> 
     </span>
    </p>
   </div>
  </div>
 </body>
</html>
