2910 4904
341 319 462 386 Missal
479 319 586 406 Offices
602 319 696 407 flora
711 319 760 385 tte
774 321 912 407 Banpor
925 317 1114 406 Pontifieal.
1256 274 1319 384 tii

710 785 735 841 I.

207 925 396 983 annmcno
417 924 630 982 Curunniacis
651 940 685 980 ur
705 922 950 982 Puarrrcnnonn
972 923 1098 982 Sasona
1119 922 1244 981 Meam.

189 1046 299 1106 Oratio.

189 1128 327 1199 Benedic,
346 1127 474 1186 Domine
491 1127 513 1183 J
514 1146 565 1185 esu
587 1125 713 1198 Christe,
727 1125 803 1183 hano
820 1133 983 1184 creaturam
1000 1145 1073 1184 cerae
1091 1122 1324 1203 supplicantibus

126 1209 222 1282 nobis,
235 1216 265 1266 et
281 1209 405 1266 infunde
418 1209 447 1266 ei
464 1228 517 1285 per
532 1208 676 1265 virtutem
690 1212 797 1264 sanctae
810 1207 903 1264 crucis
916 1207 1147 1265 benedictionem
1160 1207 1324 1280 caelestem3

128 1297 165 1348 ut
181 1291 233 1367 qui
246 1309 310 1347 eam
324 1289 362 1347 ad
374 1289 556 1366 repellendas
569 1287 705 1346 tenebras
718 1287 848 1345 humano
860 1288 961 1364 generi
974 1287 1114 1358 tribuisti,
1125 1287 1217 1345 talem
1231 1287 1326 1364 signa

126 1371 196 1429 culo
209 1376 315 1428 sanctae
329 1370 423 1428 crucis
436 1377 495 1427 tuae
508 1368 712 1427 fortitudinem
726 1374 757 1426 et
769 1367 1004 1426 benedictionem
1016 1368 1149 1444 accipiat,
1164 1373 1199 1425 ut
1212 1369 1244 1424 in
1262 1367 1326 1444 qui·

127 1452 300 1528 buscunque
310 1451 380 1509 locis
390 1469 510 1509 aceensa
519 1451 581 1507 sive
590 1449 686 1526 posita
694 1449 792 1522 fuerit,
801 1449 931 1507 discedat
939 1449 1071 1506 diabolus
1081 1455 1112 1506 et
1119 1448 1325 1506 contremiscat

124 1538 159 1590 ot
172 1532 268 1609 fugiat
282 1532 408 1608 pallidus
422 1551 490 1590 cum
502 1531 638 1588 omnibus
655 1530 799 1587 ministris
819 1530 878 1587 suis
892 1529 928 1588 de
942 1529 1174 1588 habitationibus
1186 1529 1256 1601 illis,
1269 1546 1324 1592 nec

126 1618 286 1690 prasumat
298 1613 424 1689 amplius
437 1613 603 1689 inquietare
616 1611 777 1668 servientes
789 1610 853 1668 tibi.
897 1610 956 1680 Qui
969 1630 1036 1668 oum
1049 1610 1114 1668 Deo
1129 1610 1226 1668 Patre.

188 1706 261 1763 Alia
275 1705 384 1764 Oratio.
421 1704 557 1775 Domine,
570 1704 676 1762 Sancte
692 1703 789 1774 Pater,
801 1712 827 1761 et
837 1711 928 1761 cetera
935 1704 985 1780 (nt
997 1723 1097 1780 snpra,
1106 1702 1163 1760 vol.
1174 1703 1204 1760 ii.
1217 1721 1244 1778 p.
1258 1701 1321 1780 17)

189 1786 262 1845 Alia
276 1785 384 1845 Orati).

189 1867 384 1944 Omnipotens
411 1866 588 1942 sempiterne
611 1864 702 1935 Deus,
728 1863 780 1940 qui
807 1862 949 1922 hodierna
968 1864 1017 1923 dio
1040 1865 1073 1921 in
1095 1869 1204 1922 nostrae
1227 1861 1324 1922 carnis
1352 1868 1356 1875 '

125 1949 303 2020 substantia,
318 1957 344 2006 et
358 1956 447 2006 cetera
460 1948 512 2024 (nt
525 1967 625 2023 snpra,
640 1946 697 2005 vol.
714 1945 744 2002 ii.
759 1965 786 2021 p.
805 1944 868 2023 18).
1056 1954 1057 1958 ’

192 2030 275 2086 Pane
285 2038 478 2104 asperpnetwr
488 2047 566 2102 aqna
575 2026 727 2098 benedicta,
740 2033 765 2083 et
780 2025 862 2084 tinre
872 2025 1053 2099 adoleantur,
1062 2034 1088 2084 et
1096 2025 1302 2084 illuminentur

128 2119 156 2168 et
179 2109 298 2167 interim
318 2119 443 2167 narratur
463 2108 641 2186 Antiphone,
664 2107 778 2164 Lumen
805 2106 842 2163 ad
869 2107 1087 2181 revelationem,
1110 2117 1136 2166 et
1159 2116 1250 2166 cetera
1272 2107 1326 2183 (nc

128 2210 222 2266 snpra
235 2189 364 2268 itidem).

190 2269 368 2346 Antiphone.
411 2271 501 2328 Nunc
514 2270 649 2341 dimittis,
664 2277 690 2325 et
703 2276 793 2324 cetera
807 2266 859 2342 (nt
871 2287 963 2344 sinna
976 2267 1108 2347 itidem

190 2351 262 2409 Atia
281 2351 457 2426 Antiphone
502 2352 580 2408 Puer
602 2351 624 2409 J
626 2367 691 2408 esus
711 2347 881 2424 proficiebat
900 2354 988 2406 aetate
1008 2355 1039 2407 et
1059 2347 1206 2426 sapientia
1224 2365 1324 2406 coram

130 2432 196 2491 Deo
209 2439 241 2490 et
253 2431 430 2490 hominibus.

189 2513 260 2571 Post
270 2512 321 2570 toa
333 2513 479 2588 accipiant
492 2531 588 2572 onemo
601 2509 730 2588 sinpnbs
740 2527 830 2568 cereos
842 2509 877 2569 de
889 2529 983 2569 amna
992 2508 1145 2586 Pontificis
1153 2507 1199 2569 cel
1210 2507 1326 2584 aditui,

129 2604 157 2653 et
170 2594 289 2652 dicatur
301 2592 401 2652 Oratio
414 2594 493 2651 leae:
759 2658 760 2662 .

191 2674 386 2751 Omnipotens
404 2674 580 2750 sempiterne
597 2674 687 2747 Deus,
707 2676 759 2752 qui
781 2672 969 2752 unigenitum
990 2678 1076 2730 tuum
1099 2676 1170 2728 ante
1193 2675 1327 2746 tempora

129 2756 167 2813 de
190 2761 222 2812 te
241 2756 376 2834 genitum
396 2755 446 2812 sed
466 2754 669 2830 temporaliter
695 2755 732 2814 de
751 2756 850 2814 Maria
869 2753 986 2830 virgine
1005 2754 1201 2824 incarnatum,
1223 2750 1324 2808 lumer.

130 2855 234 2894 verum
262 2841 292 2893 et
312 2836 481 2893 indeficiens
508 2836 546 2892 ad
569 2835 753 2911 depellendas
780 2834 903 2894 humani
928 2833 1043 2910 generis
1069 2832 1205 2890 tenebras
1232 2837 1263 2889 et
1288 2829 1328 2890 ed

129 2917 346 2974 incendendum
364 2917 464 2973 lumen
481 2916 550 2973 fidei
568 2922 598 2972 ct
615 2917 751 2976 veritatis
768 2916 876 2975 misisti
889 2915 922 2973 in
934 2914 1078 2972 mundum
1087 2933 1097 2986 ;
1116 2912 1240 2971 concede
1260 2929 1327 2989 pro-

128 2998 231 3075 pitius,
252 3004 288 3054 ut
312 2998 388 3054 sieut
415 2997 546 3054 exterius
573 2998 723 3073 corporali,
749 2999 793 3056 ita
820 2998 911 3056 etiam
937 2995 1062 3053 interius
1089 2994 1153 3052 luco
1179 2991 1328 3070 spirituali

128 3077 267 3136 irradiari
280 3097 450 3135 mereamur.
493 3077 553 3134 Per
565 3077 697 3136 eundem.

191 3171 258 3229 Hac
281 3171 420 3230 Oratione·
435 3171 544 3246 espleta
561 3169 738 3229 circnneeant
757 3171 915 3230 Eccksiarn
928 3169 1074 3229 cantemdo
1087 3165 1274 3243 Arnipionas
1285 3165 1328 3226 od

124 3252 206 3311 dien
215 3252 397 3327 pertinentes.
441 3250 518 3310 Onne
531 3260 628 3309 annm
640 3253 675 3310 in
690 3251 818 3311 Olorem
831 3250 978 3322 redierint,
992 3251 1110 3309 dicatnr
1129 3248 1249 3308 Versae:

189 3333 285 3390 Beata
297 3338 332 3390 tu
345 3333 378 3388 in
391 3331 572 3389 mulieribus.

191 3413 288 3488 Kyrie
301 3413 427 3488 eleyson.
470 3412 587 3470 Christe
600 3413 726 3489 eleyson.
770 3414 866 3490 Kyrie
879 3413 1005 3490 eleyson.

191 3494 283 3551 Pater
295 3500 402 3552 noster.
445 3494 486 3550 Et
499 3513 537 3550 ne
550 3513 610 3551 nos.

190 3576 262 3632 Post
275 3574 365 3633 Pater
377 3580 486 3646 noster,
500 3574 647 3632 Dominus
659 3574 819 3633 vobiscum.

191 3655 301 3714 Oratio.
344 3655 470 3728 Exaudi,
485 3674 661 3731 quaesumus,
676 3665 702 3714 et
715 3664 805 3714 cetera
818 3656 869 3732 (nt
882 3673 982 3731 snpra
997 3653 1054 3713 vol.
1069 3652 1099 3710 ii.
1115 3671 1143 3730 p.
1162 3651 1225 3730 19)

707 3910 751 3968 ΙΙ.

280 4047 369 4104 Oano
390 4063 431 4103 sn
453 4048 592 4104 Dennnn
614 4046 837 4104 Patricium
858 4062 891 4103 ru
912 4045 1027 4103 onies
1046 4045 1181 4103 Jmuuu.

192 4189 270 4249 Cam
285 4190 391 4248 verterit
406 4191 549 4265 penitens
566 4190 608 4247 ad
626 4189 813 4262 Sacerdotem,
823 4190 923 4266 prineo
936 4188 1108 4266 inquiratnr
1120 4189 1156 4246 de
1162 4185 1290 4264 pacatis
1302 4195 1330 4247 et

129 4272 300 4331 credulitate
320 4290 376 4329 aaa
395 4280 422 4329 et
443 4272 469 4329 si
489 4271 551 4329 anit
572 4271 716 4330 dimittere
735 4271 796 4329 illie
816 4271 868 4347 qni
887 4271 922 4328 in
941 4290 969 4329 se
984 4277 1180 4345 peccaverant.
1223 4268 1328 4327 Postea

120 4352 224 4427 saciat
242 4371 356 4427 parcan
379 4351 601 4427 consessionem:
630 4352 734 4410 deinde
752 4360 919 4428 praetentat
939 4369 968 4410 ae
987 4351 1022 4408 in
1043 4359 1157 4408 terrane
1199 4347 1258 4408 Sed
1277 4347 1330 4409 tot

130 4434 281 4492 senadern
304 4442 353 4504 eet,
379 4443 413 4491 nt
437 4454 502 4491 cnm
525 4432 654 4492 venerint
677 4433 752 4492 cerci
775 4431 820 4491 cel
840 4431 954 4492 ancilia
978 4431 1020 4490 ad
1041 4428 1243 4507 poenitentiam
1268 4446 1330 4490 nen
