2910 4904
441 300 489 366 In
509 299 710 366 Visitatione
732 308 854 366 soractae
876 302 1008 367 liuciae.
1263 306 1326 372 237

125 467 160 524 H
160 468 230 544 ajas
243 467 303 525 diei
316 467 397 525 Festi
401 466 525 543 plenam
534 467 581 525 laic
594 468 725 542 seqnitur
738 468 888 527 servitiam
896 472 1055 528 secandam
1068 489 1156 528 asam
1164 471 1328 546 presertim

125 549 341 608 Eboraccnsem.

187 655 239 711 Ad
251 655 384 711 Missam.
430 652 570 729 Officium.

189 735 376 793 Gaudeamus
394 755 495 792 omnes
512 736 545 791 in
562 736 701 806 Domino,
716 736 795 792 diem
817 735 926 794 festum
949 738 1130 796 celebrantes
1146 739 1200 795 sub
1219 739 1330 796 honore

127 817 233 874 Mariae
247 816 381 892 virginis,
395 818 431 874 de
445 819 529 893 cujus
543 817 722 874 Visitatione
735 817 867 893 gaudent
880 819 977 894 angeli
991 825 1021 876 et
1035 819 1205 877 collaudant
1218 819 1329 876 Filium

129 898 195 955 Dei.

188 978 230 1035 In
244 987 365 1054 tempore
379 980 507 1052 Paschae,
522 979 671 1055 Alleluya.

190 1060 338 1120 Paulinus.

190 1141 348 1200 Eructavit
362 1163 524 1201 cormeum
537 1142 661 1219 verbum
675 1143 799 1201 bonum:
818 1142 883 1199 dico
897 1162 951 1219 ego
966 1161 1053 1219 opera
1065 1162 1131 1200 mea
1144 1142 1214 1220 regi.

192 1221 301 1282 Oratio.

191 1303 340 1381 Deus,qui
348 1304 723 1379 sacratissimamvirginem
732 1305 861 1361 Mariam
872 1303 1019 1380 unigeniti
1029 1305 1076 1361 tui
1085 1310 1212 1362 matrem
1220 1311 1332 1362 mutuae

131 1385 337 1444 consolationis
358 1386 453 1462 gratia
473 1388 590 1443 beatam
609 1385 762 1442 Elisabeth
783 1385 903 1442 visitare
920 1385 1026 1456 fecisti,
1045 1386 1169 1443 concede
1186 1386 1333 1462 propitius

132 1466 216 1522 nobis
240 1468 358 1524 famulis
382 1468 451 1537 tuis,
466 1473 502 1524 ut
523 1486 560 1523 ex
580 1466 643 1541 ejus
663 1466 884 1523 visitationibus
908 1466 1023 1523 assidue
1047 1469 1240 1538 consolemur,
1261 1473 1292 1525 et
1314 1487 1333 1524 a

132 1549 246 1604 cunctis
259 1549 488 1605 adversitatibus
502 1553 555 1604 tuo
569 1546 733 1604 munimine
747 1553 942 1623 protegamur.
986 1547 1045 1604 Per
1057 1548 1191 1605 cundem.

193 1629 341 1687 Memoria
355 1639 389 1686 at
404 1629 552 1702 contingit.

193 1710 311 1785 Epistol
330 1756 335 1768 .
379 1711 474 1768 Lectio
488 1708 573 1766 libri
587 1709 745 1784 Sapientiae
758 1707 863 1783 (Cant.
881 1708 1070 1767 Canticorana
1084 1710 1115 1767 ii.
1133 1710 1227 1787 8-14).

193 1792 258 1867 Ego
271 1793 323 1849 flos
338 1793 434 1868 campi
448 1798 478 1849 et
491 1791 589 1848 lilium
603 1790 781 1848 convallium
795 1809 885 1864 asqac
899 1791 939 1847 ad
952 1790 1040 1848 facies
1053 1798 1106 1848 tua
1120 1792 1231 1849 decora

197 1872 331 1930 Gradal.

193 1953 356 2011 Benedicta
367 1960 397 2011 et
407 1953 593 2025 venerabilis,
603 1961 637 2010 at
646 1953 680 2010 in
691 1952 954 2010 commemoratione
959 1961 1027 2029 post
1040 1951 1160 2010 Festum
1170 1952 1333 2010 Trinitatis

198 2034 329 2092 Tractus.

195 2115 370 2193 Magnificat
383 2116 482 2172 anima
495 2135 561 2172 mea
575 2114 739 2171 Dominum
753 2114 852 2171 Deum
866 2114 987 2171 Patrem
1000 2114 1032 2171 in
1046 2115 1178 2173 excelsis,

141 2195 171 2253 V.
198 2197 239 2254 Et
254 2196 417 2254 exsultavit
429 2197 551 2272 spiritus
565 2215 648 2252 meus
661 2196 694 2251 in
709 2195 773 2251 Deo
787 2196 862 2253 lesu
876 2195 999 2252 salutari
1012 2215 1085 2253 meo.

141 2277 170 2335 V.
197 2279 276 2347 Quia
290 2277 455 2335 Paraclitus
468 2278 599 2352 respexit
612 2276 813 2333 humilitatem
830 2276 944 2332 ancillae
960 2296 1036 2333 suae:
1058 2296 1123 2334 ecce
1136 2277 1217 2334 enim
1230 2297 1268 2334 ex
1281 2277 1337 2334 hoc

135 2358 254 2416 beatam
269 2379 315 2415 me
330 2359 429 2416 dicent
443 2378 543 2414 ornnes
557 2357 768 2433 generationes,

142 2440 171 2497 V.
197 2441 258 2498 Dei
272 2459 340 2515 ergo
353 2440 499 2516 genetrix,
515 2440 602 2496 beata
615 2438 699 2513 virgo
714 2437 821 2508 Maria,
836 2437 984 2494 intercede
997 2457 1051 2514 pro
1065 2437 1157 2495 nobis.

204 2521 253 2578 Vel
265 2521 316 2578 iste
330 2541 448 2595 sequens
464 2520 588 2577 Tractus
601 2519 726 2589 dicatur,
742 2518 879 2594 siplacet.

144 2601 174 2659 V.
200 2602 354 2659 Visitantc
368 2608 399 2659 te
412 2602 528 2677 virgine
542 2600 649 2671 Maria,
664 2600 769 2656 visitat
782 2618 835 2656 nos
850 2599 958 2656 Oriens
971 2619 1009 2655 ex
1022 2599 1091 2656 alto.

142 2682 172 2741 V.
199 2683 353 2740 Visitante
366 2688 397 2739 te
412 2682 525 2757 virgine
541 2681 646 2753 Maria,
662 2681 766 2736 visitat
780 2700 833 2736 nos
847 2680 929 2737 Deus
943 2679 976 2736 in
990 2680 1113 2736 salutari
1125 2699 1185 2737 suo.

145 2763 174 2824 V.
201 2764 354 2821 Visitante
368 2770 398 2820 te
412 2763 527 2838 virgine
541 2762 649 2832 Maria,
665 2762 808 2818 visionem
822 2779 973 2836 speramus
987 2766 1167 2837 perpetuam.

144 2844 173 2903 V.
200 2845 365 2902 Visitatrix
378 2864 447 2919 ergo
460 2849 570 2913 nostra,
586 2843 631 2899 fac
645 2861 699 2899 nos
712 2848 829 2899 tantam
842 2842 942 2899 videre
955 2842 1086 2918 gloriam.

200 2925 241 2982 In
255 2935 375 3001 ternpore
388 2924 534 2994 Pasclaali,
550 2923 698 2998 Alleluya.

388 3005 417 3064 V.
445 3005 545 3062 Mater
558 3005 691 3076 mirifica,
711 3024 826 3061 summa
844 3023 897 3080 per
910 3003 1037 3079 gratiam

483 3086 572 3142 Dona
585 3084 760 3160 multiplica,
775 3085 874 3142 ditans
887 3085 1038 3142 ecclesiam

445 3167 542 3224 Sacris
555 3167 727 3236 virtutibus,
743 3166 850 3223 tollens
864 3165 1027 3237 dissidium,

486 3246 594 3305 Confer
607 3248 777 3324 petentibus
790 3253 877 3305 tuum
890 3247 1067 3324 praesidium.

202 3329 371 3388 Secundam
384 3329 534 3405 Alleluya.

150 3412 177 3471 V.
206 3413 335 3488 Surgens
344 3410 492 3468 Dominus
502 3415 532 3466 et
543 3429 697 3466 occurrens
705 3409 887 3480 mulieribus,
900 3417 925 3466 et
936 3417 1034 3480 cetera,
1046 3417 1081 3465 nt
1090 3408 1125 3465 in
1134 3407 1223 3466 Faria
1236 3408 1343 3484 quinta

141 3494 325 3552 bebdomada
338 3491 481 3560 Paschae,
495 3491 540 3547 cel
551 3491 578 3547 ei
585 3491 681 3566 placet
696 3492 854 3548 secundant
867 3490 1018 3562 Alleluya,
1033 3498 1068 3546 nt
1081 3490 1218 3564 seqnitur.

204 3574 353 3649 Alleluya.
401 3572 429 3630 V.
454 3571 583 3628 Mariam
603 3577 728 3628 matrem
749 3572 790 3629 sic
809 3571 940 3628 creditur
959 3571 981 3627 J
983 3590 1049 3626 esus
1063 3570 1224 3643 salutasse;
1246 3571 1341 3642 Salve,

142 3663 244 3716 sancta
258 3674 381 3731 parens3
401 3673 469 3710 cum
483 3653 641 3728 Virginem
655 3653 789 3709 visitavit
802 3673 820 3709 a
834 3651 960 3708 mortuis
972 3671 1132 3727 resurgens.

203 3736 366 3811 Sequentia.
410 3733 595 3792 Celebremus
606 3734 637 3790 in
647 3734 701 3790 hac
712 3734 767 3803 die,
780 3743 805 3790 et
815 3743 906 3790 cetera
923 3735 976 3805 (at
986 3752 1084 3808 snpra,
1097 3732 1153 3789 vol.
1165 3732 1196 3790 ii.
1206 3752 1233 3808 p.
1245 3733 1331 3806 214).

204 3816 405 3891 Evangeliam.
451 3813 617 3872 scandam
630 3814 743 3871 Lucam
756 3815 793 3891 (i.
811 3813 932 3888 39-43).

205 3898 245 3955 In
259 3898 311 3954 illo
324 3904 464 3973 tempore,
476 3895 646 3971 Exsurgens
660 3895 859 3968 Mariamque
873 3896 912 3951 ad
926 3895 959 3951 in
973 3895 1037 3954 Deo
1051 3895 1174 3953 salutari
1187 3914 1259 3953 meo.

206 3979 308 4036 (lredo

204 4060 325 4118 Secreta.
367 4058 504 4116 Ecclesiae
518 4065 586 4130 tuae,
602 4067 628 4116 et
641 4067 731 4115 cetera
744 4056 851 4135 (ibid.)

205 4140 355 4214 Praefatio.
397 4140 439 4196 Et
452 4146 482 4196 te
496 4140 528 4196 in
542 4140 729 4196 Visitatione.

207 4221 389 4281 Communia.
432 4220 526 4277 Beata
539 4221 650 4277 viscera
664 4218 773 4296 (ibid.)

205 4303 247 4361 In
261 4312 382 4378 tempore
396 4302 543 4371 Paecltali,
558 4302 705 4376 Alleluya.

206 4384 446 4444 Poetcoarmania
491 4382 581 4453 Deus,
596 4383 648 4459 qui
662 4381 817 4454 mediante,
834 4388 858 4438 ct
873 4389 962 4439 cetera
975 4379 1082 4459 (ital.)
