2910 4904
665 266 786 332 Prosae.

208 431 268 490 Dei
279 433 468 509 providentia
480 452 568 509 quem
581 438 651 491 ante
664 433 771 492 saecula
781 439 868 491 tanto
880 432 1007 511 replevit
1018 432 1126 509 gratia,

209 513 336 572 Gentem
351 533 410 590 quo
423 514 605 571 barbaricam
618 514 714 573 adiret
727 522 906 591 spontaneus
919 515 978 572 fide
990 513 1085 573 fultus
1099 512 1256 609 intrepida„

208 593 319 672 Regem
346 595 464 653 lavacro
491 594 596 652 salutis
621 614 694 654 mox
720 602 882 673 regenerat,
910 602 1087 673 gentemque
1114 594 1309 671 permaximam

288 674 398 733 format
410 676 447 734 ad
461 695 552 752 regna
563 676 698 734 caelestia.

210 755 321 814 Omnes
338 757 375 814 ad
393 756 455 814 alta
473 757 571 815 levate
587 757 696 814 mentis
712 758 818 834 capita,
833 756 952 815 Christo
969 756 1093 815 laudum
1111 755 1308 815 carminarem

288 837 395 895 referte
412 837 565 910 clarisona,

208 917 241 975 N
241 937 273 975 os
286 917 406 975 lucerna.
419 917 472 995 qui
484 918 608 976 donavit
616 924 703 976 tanta
714 918 809 995 patris
822 919 911 995 hujus
924 917 1090 995 prasentia.

209 998 431 1057 Conclamemns
444 998 533 1057 simul
546 1019 647 1057 omnes
660 1019 720 1058 una
731 1020 741 1072 3
761 1000 887 1067 Christe,
902 999 984 1058 salva

208 1079 272 1138 Nos
285 1099 339 1157 per
350 1080 442 1138 saecla

629 1237 830 1296 XXXVIII.

525 1358 588 1438 (Du
608 1377 723 1420 saucro
743 1361 947 1441 Lrunuumo.)

269 1482 364 1541 Prono
376 1483 418 1540 acl
430 1481 590 1558 Sequentia
603 1483 779 1541 Laetabitur.

269 1578 416 1656 Alleluya

209 1676 340 1734 Lanam
353 1693 453 1734 onina
466 1693 634 1734 mannua
649 1677 845 1735 Laurentium
857 1677 1050 1750 hierarcham,

210 1757 277 1826 Qua
289 1777 349 1833 pax
362 1777 484 1829 summa,
500 1777 559 1833 qua,
572 1758 718 1833 splendor,
736 1778 796 1834 qua
821 1758 923 1834 gloria,
939 1757 1057 1817 Christe
1070 1777 1135 1833 rex,
1151 1758 1262 1833 emicant,

208 1837 290 1913 Lyra
303 1844 405 1895 nostra
417 1838 541 1895 resultet
556 1838 732 1914 symphonia
745 1859 853 1897 sonans
866 1840 1007 1916 organica

208 1917 306 1975 Roma
318 1938 405 1994 quem
419 1919 507 1990 canit,
521 1918 650 1977 mundus
663 1939 752 1995 quem
764 1927 846 1978 totus
858 1926 996 1997 personat
1008 1941 1015 1977 :

209 1998 308 2056 Decus
321 2019 408 2056 omne
421 1999 512 2070 decet,
527 2000 600 2071 laus,
615 2006 704 2076 atque
717 2001 818 2077 gloria

209 2079 269 2149 Qui
281 2079 375 2151 miles,
390 2080 443 2156 qui
455 2100 569 2156 gemma
589 2100 639 2138 ara
660 2081 781 2151 Christi,
797 2081 849 2158 qui
862 2100 957 2158 praeco
970 2100 1076 2139 norma
1088 2081 1208 2159 fulgens
1215 2082 1314 2153 levit⁸3

207 2160 413 2236 Apostolicum
426 2161 535 2218 affatur
546 2170 705 2237 patronum
719 2161 838 2220 Sixtum
852 2181 977 2239 sequens
989 2162 1028 2219 ad
1040 2162 1212 2221 certamina.

209 2241 284 2311 ero,
298 2247 391 2316 pater,
405 2242 468 2298 sine
481 2242 543 2299 filio
556 2243 748 2318 progrederis,
763 2249 817 2300 aut
830 2262 889 2319 quo
902 2243 1043 2319 magister
1055 2262 1206 2321 properus.

109 2324 112 2331 '
207 2322 259 2380 Ad
272 2322 400 2398 palmam
415 2322 441 2379 si
453 2323 590 2397 martyrii
603 2343 694 2381 ovans
705 2323 811 2396 tendis,
826 2331 856 2381 te
870 2344 940 2400 rogo
952 2343 1051 2381 neme
1065 2323 1191 2383 deseras

208 2402 312 2460 Sixtus
325 2402 363 2459 ad
377 2403 438 2460 haec
452 2403 496 2460 illi
510 2425 516 2461 :
537 2403 579 2460 Te
592 2423 691 2480 pugna
704 2404 809 2462 fortior
822 2405 1010 2481 sanctiusque
1023 2411 1054 2463 te
1066 2411 1196 2463 stemma

207 2483 314 2540 Manet
327 2490 393 2559 post
408 2484 548 2555 triduum,
559 2485 624 2560 jam
637 2485 690 2560 qui
703 2486 833 2561 aequeris
845 2505 893 2543 me
906 2485 1088 2543 sacerdotem
1101 2484 1204 2545 levita.

207 2563 334 2622 Praescia
347 2564 428 2622 Sixti
444 2566 534 2622 verba
553 2564 757 2642 complentur:
777 2572 808 2623 et
820 2566 961 2624 immania
980 2565 1129 2643 percurrit
1148 2566 1317 2625 laurentius

287 2650 454 2717 tormenta3

208 2725 280 2782 Caeli
293 2727 438 2797 columna,
452 2725 557 2784 lucifer
570 2726 658 2799 orbiu,
674 2727 811 2785 Ecclesiae
824 2728 938 2798 laetitia,
952 2727 1080 2803 fideique
1093 2726 1204 2805 regula.

206 2806 314 2864 Victor
333 2827 425 2864 ovans
444 2807 476 2862 in
501 2807 641 2864 craticula
660 2809 792 2883 judicem
816 2809 869 2885 qui
891 2808 1045 2866 confimdit
1067 2808 1161 2867 verba
1187 2826 1242 2885 peu·
1261 2806 1317 2865 hec

207 2967 229 3025 J
230 2987 278 3025 am
295 2975 421 3025 assatam
442 2968 587 3026 manduca
605 2988 743 3027 carnem:
764 2990 812 3027 me
825 2969 927 3045 gloria,
941 2976 972 3027 tc
985 2987 1073 3046 poena
1092 2988 1209 3049 semper
1225 2974 1317 3029 munet

288 3068 425 3120 mamma,
1299 3078 1306 3089 ·

208 3128 337 3186 (leuticia
350 3128 487 3206 angelicis
500 3128 598 3205 palma
611 3137 642 3187 et
654 3130 760 3188 lucida

208 3209 256 3266 Sic
269 3209 338 3266 diva
350 3210 422 3267 felix
436 3211 550 3268 scandit
563 3210 661 3269 anima
674 3211 803 3269 culmina

207 3289 266 3346 Per
279 3292 386 3348 merita
398 3291 544 3349 translata
556 3292 670 3367 inclyta
681 3313 690 3365 3

207 3369 280 3439 Quae
294 3373 326 3427 in
336 3391 467 3447 purpura
479 3372 663 3449 praepulchra
675 3373 784 3450 gaudet
797 3378 827 3431 et
840 3371 922 3445 lilia,

207 3450 296 3508 Omni
310 3452 403 3528 gloria
416 3452 549 3510 conserta
562 3453 675 3511 Christi
687 3453 851 3529 praesentia,

208 3531 306 3608 Digne
319 3533 440 3590 colenda
453 3535 537 3591 saecla
546 3554 599 3610 per
612 3542 724 3591 cuncta
767 3533 915 3609 Alleluya.

648 3736 809 3794 XXXIX.

431 3858 481 3916 Du
494 3876 642 3918 rnunrnus
656 3874 851 3917 urnrunrnua
866 3857 1022 3917 Mirabilis.

126 3980 296 4037 Minturnis
310 3981 397 4039 Daus
411 3997 445 4037 1u
459 3997 580 4038 saneris
594 3981 741 4039 mirabilia
754 3981 827 4039 daus
840 3980 1004 4058 magnifica

127 4060 186 4129 Qui
198 4060 256 4117 fide
269 4061 449 4136 praeclara
420 4069 556 4119 v1cerunt
544 4062 673 4119 tmundi
686 4062 846 4138 pericula
829 4062 1021 4135 oravissima3

125 4140 267 4199 Judicum
281 4142 385 4213 minas,
399 4143 521 4199 verbera
534 4149 564 4199 et
580 4143 736 4201 blanditias
750 4148 971 4202 contemnentes
984 4147 1086 4201 mento
1101 4144 1228 4203 robuste
1240 4144 1315 4203 verit·

205 4221 279 4278 simo
293 4223 433 4279 fuderunt
446 4224 508 4299 regi
521 4224 640 4281 animas.

126 4300 187 4356 uro
167 4302 403 4378 gotriumphant
419 4303 518 4360 laurea
539 4305 648 4381 compti
662 4305 768 4381 capita,
781 4305 875 4401 secuti
894 4310 973 4363 recte
992 4304 1121 4383 vestigia
1132 4324 1205 4385 agur
1193 4302 1314 4385 'fl'nssul

205 4382 264 4439 aris
273 4383 337 4457 jam
352 4382 463 4442 Christi
476 4391 608 4443 saclwata

1347 4610 1352 4637 Ι

1230 4644 1352 4856 ,Α
