2866 4906
175 319 239 382 344
355 316 535 400 Frapracat
549 316 589 401 of
605 338 628 379 a
642 314 763 379 Mtssot
777 315 817 399 of
832 315 883 379 aa
905 314 963 380 Uoc
976 315 1016 400 of
1032 314 1186 381 Menalca.

234 483 275 539 Et
288 483 435 540 scandona
445 491 485 540 cat
498 483 575 556 qaod
588 483 622 538 ia
635 482 767 539 oraaibac
780 481 873 539 Fortia
881 502 981 539 nocem
994 481 1164 540 Lectionum
1177 491 1205 541 et
1218 482 1255 541 ia
1267 482 1372 559 quibu

173 564 276 623 chorzo
288 564 349 638 rapi
362 563 448 632 (tabet,
459 563 533 620 sicca
548 571 616 638 post
628 562 750 633 Porotta,
763 564 920 619 camimum
934 583 1021 620 acaia
1030 563 1156 620 Macota
1166 562 1373 623 manicata

174 643 330 719 Sequentia
352 644 413 701 aiei
435 664 455 700 a
474 642 691 718 Septnapcciraa
712 663 803 716 aaqae
826 645 866 700 aa
889 643 1012 700 Paaclca.
1057 644 1168 701 Trunca
1189 643 1372 720 iopfraiatnd

173 733 292 801 tempas,
302 725 405 782 ardebat
418 724 451 780 ia
461 723 696 780 Aaaaato‘atioae
710 722 796 780 beata
808 723 916 780 Maria
930 724 1061 798 cirpinia,
1070 733 1096 782 et
1108 724 1143 780 ia
1156 724 1372 800 Pan'ficatiom

174 805 301 880 dardana
320 814 463 875 caatatar,
479 804 506 860 ai
522 803 607 878 ircfia
619 802 865 879 Septaapeaimam
878 805 1026 862 eoeaemat.

235 909 428 984 livaaqetiam
441 910 599 967 secandam
612 909 786 966 Mattianum
798 908 874 987 (acci.
893 909 939 965 1-9
942 911 969 985 ).

237 991 276 1047 In
289 989 341 1047 illo
355 997 494 1066 tempore,
516 989 592 1046 (lum
605 990 868 1066 appropinquasset
880 990 902 1047 J
903 1009 968 1047 esus
984 989 1200 1065 Hierosolymis
1218 1010 1312 1065 neque
1332 990 1373 1049 aa

176 1070 361 1142 Benedictus,
377 1071 429 1146 qui
442 1071 526 1127 venit
539 1071 571 1127 in
585 1070 704 1127 nomine
717 1070 846 1127 Domini.

238 1151 429 1226 Offcrtoriam.

235 1233 286 1290 Ad
307 1239 338 1290 tc
361 1231 496 1303 Domine,
519 1230 617 1288 levavi
638 1231 766 1288 animam
788 1250 902 1288 meam:
933 1230 1014 1288 Deus
1031 1251 1122 1303 meus,
1141 1231 1175 1288 in
1191 1236 1226 1289 te
1242 1230 1368 1304 confido,

175 1333 236 1373 non
253 1314 440 1370 erubescam:
461 1331 555 1388 neque
572 1312 715 1369 irrideant
731 1331 778 1369 me
793 1311 907 1368 inimici
921 1313 987 1383 mei,
1002 1313 1110 1369 etenim
1124 1312 1258 1370 universi
1271 1312 1328 1389 qui
1339 1320 1369 1371 tu

174 1400 333 1471 expectant
346 1413 406 1450 non
419 1393 642 1450 confundentur.

236 1475 355 1533 Secreta.

237 1556 312 1613 Haec
329 1575 411 1613 secra
427 1574 488 1625 nos,
509 1554 644 1626 Domine,
664 1554 780 1629 potenti
796 1553 908 1610 virtute
924 1553 1088 1624 mundatos,
1105 1553 1143 1610 ad
1156 1572 1246 1611 suum
1258 1554 1370 1613 faciem

176 1637 308 1714 puriores
320 1636 421 1694 venire
434 1634 621 1711 principium,
642 1634 804 1691 Dominum
817 1640 952 1691 nostrum
964 1634 986 1692 J
987 1654 1069 1691 ecum
1083 1633 1245 1693 Christum

238 1717 419 1777 Coruncanio.

235 1798 382 1856 Dominus
396 1796 478 1854 dabit
490 1795 703 1872 benignitatem
717 1816 724 1853 t
744 1800 775 1852 et
788 1802 868 1853 terra
881 1801 983 1853 nostra
996 1795 1079 1853 dabit
1090 1795 1224 1853 fructum
1237 1814 1335 1855 suum.

235 1877 475 1937 Poctoommaaio.

234 1959 439 2035 Suscipiamus‚
463 1957 601 2029 Domine,
623 1956 852 2014 misericordiam
870 1963 953 2014 tuam
971 1956 1003 2013 in
1021 1956 1116 2015 medio
1129 1956 1237 2033 templi
1249 1956 1319 2015 tui:
1339 1962 1370 2015 et

174 2040 368 2116 reparationis
387 2043 494 2095 nostrae
514 2046 640 2094 ventura
660 2037 813 2095 sollemnia
833 2038 968 2113 congruis
984 2037 1143 2096 honoribus
1158 2037 1368 2113 procedamus

96 2146 99 2151 ·
175 2120 233 2178 Per
247 2120 417 2178 Dominum.

234 2280 322 2340 Faria
335 2279 470 2350 secanda,
485 2279 579 2352 tertia,
593 2287 620 2337 ct
633 2279 738 2354 quinta
751 2278 869 2354 picando
882 2277 1005 2352 deferta
1018 2286 1173 2336 cantatam:

234 2363 366 2439 Epistola
379 2360 697 2434 Doraiaicaliclcpatur
737 2382 754 2416 a
817 2381 834 2415 a
896 2381 913 2414 c

233 2442 255 2500 I
253 2444 362 2501 aitiam
375 2441 469 2501 soracti
483 2440 635 2515 anaqclii
647 2440 805 2498 accuratam
815 2438 855 2494 M
851 2460 959 2497 aroana.
1003 2439 1186 2516 Principium
1200 2440 1366 2519 Evangelii,

173 2533 199 2581 et
214 2533 311 2584 cetera.

232 2686 405 2744 Notandum
418 2685 495 2759 qaod
505 2684 538 2740 in
552 2682 633 2741 orani
642 2681 848 2756 Mmaaseriatc'
861 2690 999 2738 cantatur
1014 2680 1140 2740 &adala
1152 2690 1179 2739 et
1191 2681 1339 2761 Alleluya
1348 2702 1369 2742 a

169 2766 271 2842 pveris
278 2765 457 2840 cereferariis
470 2765 527 2822 aiae
541 2765 577 2822 ab
591 2763 659 2821 aliia
666 2763 770 2839 paenis
782 2762 816 2819 ia
829 2761 911 2820 Athis
927 2762 971 2820 oet
981 2761 1207 2837 Sapeipellioair,
1222 2772 1250 2821 a
1262 2783 1300 2823 aa
1311 2782 1367 2841 quo

174 2847 299 2906 Sanctus
317 2847 442 2917 conitar,
465 2864 560 2903 omnes
572 2845 606 2901 ia
619 2844 702 2901 ebora
715 2843 834 2918 jaceant
846 2843 999 2918 prostrati,
1015 2862 1162 2918 chaaqae
1174 2843 1299 2903 arbatus·
1311 2844 1369 2903 Por

173 2929 272 2986 omnia
297 2937 364 2986 aatc
381 2927 488 3003 Agnus
506 2925 571 2982 Dei.
623 2923 681 2982 Istc
705 2926 774 2982 ordo
799 2924 1001 3007 teaeadaaua
1020 2943 1158 2997 mapaooa
1180 2922 1313 2985 Maiam
1334 2924 1368 2983 ia

174 3010 305 3067 omaibae
314 3007 402 3082 fiatis
420 3008 519 3065 dictas
534 3026 589 3082 per
610 3026 731 3077 anania,
754 3005 815 3062 atsi
831 3026 851 3062 a
874 3003 955 3062 Oeaa
976 3002 1098 3063 Domini
1118 3023 1210 3079 usqae
1223 3005 1266 3063 ad
1286 3004 1369 3065 Dent

173 3087 331 3162 omnium*
344 3089 448 3147 seilicet
462 3089 579 3162 picando
594 3093 730 3143 cantatur
744 3086 839 3143 Micca
853 3087 887 3142 de
901 3085 998 3144 Fannia.

641 3306 741 3362 Fame
762 3306 899 3375 Quiane.

235 3446 329 3504 Lectio
342 3446 475 3523 Epistola
489 3446 564 3504 beati
576 3445 681 3504 Jacobi
688 3446 818 3523 Apostot'
830 3447 872 3525 (a.
891 3448 984 3520 7-10).

236 3527 387 3585 Uerissimi
400 3549 405 3585 :
428 3526 580 3584 Patientes
601 3534 695 3586 estote
712 3548 803 3603 aeque
816 3530 857 3586 ad
876 3528 967 3585 locuti
980 3528 1096 3586 suntin
1108 3529 1229 3588 nomine
1243 3528 1371 3591 Domini

176 3609 269 3667 nostri
282 3608 304 3666 J
305 3628 356 3666 esu
369 3608 488 3666 christi.

235 3689 401 3748 Secundam
414 3689 588 3747 Mattianum
610 3688 672 3766 (tii.
691 3690 740 3746 1-6
741 3692 766 3767 )

235 3771 274 3828 In
287 3770 339 3828 illo
352 3777 492 3845 tempore,
507 3770 601 3828 Venit
615 3771 636 3828 J
637 3769 764 3827 ohannes
778 3790 866 3844 acqrcc
880 3770 921 3827 art
933 3770 1107 3828 confitentes
1119 3776 1240 3847 penam
1252 3792 1318 3835 sua.

656 4000 755 4056 Fanni
775 4000 882 4056 Saxre.

236 4082 368 4159 Epistola
381 4080 583 4138 Darniaicatia.

236 4163 427 4237 anapetiaoa
440 4162 597 4219 secandam
610 4159 723 4218 Lucano
735 4159 796 4238 (iii.
814 4161 910 4237 7-18).

236 4246 274 4302 In
294 4244 345 4300 illo
365 4249 503 4321 tempore,
526 4242 651 4299 Dicebat
670 4241 692 4299 J
693 4261 801 4298 oannes
821 4242 857 4298 ad
871 4242 974 4298 turbas
986 4261 1078 4317 aeque
1089 4242 1131 4301 act
1142 4244 1368 4323 evangelizabat

177 4325 290 4403 populo.
1042 4398 1047 4405 .

221 4456 232 4478 ¹
249 4453 301 4498 The
311 4452 398 4497 second
407 4451 560 4509 Responsory
571 4451 595 4495 ol
605 4449 645 4494 tho
657 4451 693 4495 lst
702 4449 809 4493 Nocturn
821 4448 846 4492 of
855 4449 894 4494 the
906 4448 983 4493 Third
993 4448 1094 4509 Sundny
1103 4450 1165 4496 aiter
1174 4450 1315 4499 Pentecost.
