2910 4904
136 303 177 364 58
618 301 715 366 Festo
735 301 854 367 Juue'o'.

134 469 272 525 volebas:
293 488 360 526 cum
383 473 484 526 autem
504 469 645 542 senueris
660 470 802 527 extendes
818 489 923 526 manus
943 475 1019 543 tuas,
1035 475 1067 528 et
1086 470 1163 528 alius
1185 476 1216 528 te
1238 470 1334 548 cinget

134 554 165 605 et
178 549 267 606 ducet
280 569 339 624 quo
354 557 387 606 tu
401 569 462 606 non
476 549 538 606 vis:
560 551 614 607 hoc
631 557 732 608 autem
753 551 831 607 dixit
851 551 1019 628 significans
1039 571 1099 628 qua
1118 557 1215 610 morte
1229 552 1332 610 clarifi-

134 635 254 687 caturus
268 637 344 687 esset
358 631 465 687 Deum.

195 723 341 780 Psolmus.

196 803 267 860 Caeli
282 809 421 861 enarrant
433 804 558 878 gloriam
572 804 650 862 Dei:
671 812 701 861 et
715 825 804 881 opera
824 825 966 863 manuum
980 806 1043 882 ejus
1057 806 1220 864 annuntiat
1232 806 1335 864 funda-

134 891 277 942 mentum.

197 965 305 1023 Oratio.
1128 1022 1131 1027 .

194 1045 317 1117 Praesta,
341 1067 517 1122 quaesumus,
534 1047 722 1124 omnipotens
743 1048 835 1119 Deus,
850 1054 885 1104 ut
907 1048 998 1105 nullis
1019 1069 1074 1108 nos
1091 1049 1251 1124 permittas
1274 1069 1336 1126 per-

134 1127 356 1184 turbationibus
377 1128 505 1199 conouti,
525 1148 600 1204 quos
620 1131 653 1185 in
674 1129 841 1204 apostolicae
865 1129 1056 1187 consessionis
1079 1128 1163 1187 Petri
1190 1130 1332 1188 solidasti

135 1208 195 1265 Per
208 1209 381 1265 Dominum.

195 1290 340 1346 *isemeria
353 1290 388 1346 de
402 1299 499 1347 saneto
513 1290 615 1361 Leone,
624 1311 717 1367 popa.
755 1290 863 1348 Oratio.

195 1371 285 1442 Deus,
298 1371 352 1446 qui
375 1372 496 1428 beatum
521 1371 650 1428 Leonem
677 1371 847 1447 pontificem
874 1378 1044 1429 sanctorum
1071 1378 1192 1429 tuorum
1220 1371 1335 1430 meritis

134 1451 310 1526 coaequasti,
345 1452 469 1510 concede
498 1453 653 1528 propitius,
685 1458 720 1508 ut
754 1452 806 1528 qui
840 1454 1127 1510 commemorationis
1161 1454 1227 1529 ejus
1259 1453 1336 1511 festa

133 1533 309 1608 percolimus
319 1533 390 1590 vitae
404 1552 521 1609 quoque
535 1534 687 1590 imitemur
699 1533 841 1609 exempla.
885 1533 944 1590 Per
957 1535 1128 1591 Dominum.

195 1610 249 1692 [Et
262 1616 297 1671 'de
310 1625 408 1671 sancto
422 1614 449 1669 J
447 1615 696 1672 obuersa—MSS.
712 1616 752 1685 A,
770 1615 803 1685 Ο,
818 1615 877 1671 and
891 1612 943 1694 D.]

194 1707 289 1764 Lectio
303 1706 432 1764 fletuum
445 1706 648 1782 Apostolorum
665 1708 727 1783 (iti.
747 1707 839 1785 1-10).

195 1787 234 1844 In
247 1788 352 1845 diebus
365 1789 433 1859 illis,
450 1788 558 1845 Petrus
572 1794 602 1845 et
612 1790 634 1847 J
635 1789 766 1846 ohannes
779 1788 978 1846 ascendebant
990 1790 1024 1846 in
1034 1790 1179 1867 templum
1189 1810 1281 1864 usque
1296 1787 1336 1847 ad

133 1867 166 1924 in
177 1887 210 1924 eo
224 1869 303 1943 quod
317 1869 463 1926 acciderat
473 1870 526 1926 illi.

196 1949 331 2007 Gradel.
375 1951 414 2007 In
428 1970 545 2008 omnem
559 1958 677 2009 terram.

194 2030 229 2088 St
242 2030 401 2088 Domiaiee
414 2032 545 2100 evenerit,
560 2032 710 2107 Alleluya.
759 2033 788 2090 V.
812 2031 916 2089 Sancti
929 2032 985 2101 tui,
1001 2032 1139 2103 Domine,
1148 2032 1334 2090 benedicent

193 2122 360 2181 Secundum
374 2123 540 2181 Jotaooem
556 2124 632 2202 (xxi
652 2124 767 2201 15-19).

194 2204 234 2260 In
247 2205 300 2260 illo
314 2210 454 2280 tempore,
470 2206 559 2262 Dixit
572 2205 594 2262 J
596 2225 661 2262 esus
672 2205 770 2278 Petro,
787 2205 891 2262 Simon
904 2207 926 2264 J
927 2205 1062 2278 ohamiis,
1073 2205 1174 2283 diligis
1187 2226 1235 2265 me
1245 2227 1338 2282 ueqm

131 2284 175 2342 ed
192 2285 405 2343 clarificaturus
419 2292 494 2343 esset
509 2286 615 2344 Deum.

195 2377 385 2452 Offertorium.
430 2379 510 2435 Mihi
523 2386 631 2436 autem.

192 2459 312 2518 Secreto.
355 2460 468 2518 Munus
488 2462 613 2537 apostoli
633 2461 687 2532 tui,
707 2459 845 2532 Domine,
865 2480 1042 2536 quaesumus,
1063 2460 1224 2537 apostolica
1244 2461 1335 2519 inter-⁴

132 2541 260 2598 cessione
288 2543 447 2614 sanctifica,
472 2562 584 2617 nosque
611 2562 629 2598 a
652 2547 839 2617 peccatorum
860 2549 1028 2599 nostrornm
1050 2541 1174 2599 maculis
1195 2543 1332 2602 emund&

132 2623 191 2678 Per
204 2623 375 2682 Dominum.

191 2703 263 2760 Alia
276 2703 396 2761 Secreta.

191 2784 303 2842 Anuue
316 2787 410 2856 nobis,
426 2785 563 2856 Domine,
579 2791 614 2841 ut
628 2784 829 2841 intercedente
841 2785 928 2841 beato
943 2784 1048 2857 Leone,
1064 2784 1126 2841 haee
1140 2785 1226 2842 nobis
1239 2785 1334 2861 prosit

130 2865 250 2935 oblati0,
266 2886 354 2941 quam
369 2866 549 2922 immolando
563 2866 655 2922 totius
669 2865 775 2921 mundi
788 2865 923 2922 tribuisti
936 2865 1064 2922 relaxari
1078 2865 1194 2923 delicta.
1237 2865 1305 2924 Per.

192 2944 375 3005 Communia

191 3026 294 3083 Simon
315 3027 474 3096 Johanuis,
490 3027 587 3103 diligis
609 3047 656 3084 me
674 3028 741 3102 plus
765 3027 828 3083 his:
850 3027 986 3095 Domine,
1003 3036 1035 3085 tu
1055 3028 1155 3084 omnia
1176 3027 1255 3084 nosti
1266 3048 1275 3099 ;
1296 3034 1333 3085 tu

130 3107 195 3179 scis,
210 3107 347 3179 Domine,
364 3108 434 3184 quia
447 3128 513 3165 amo
527 3114 566 3165 te.

190 3200 431 3258 Postcommunio.

191 3281 272 3350 Quos
286 3283 402 3354 coelesti,
418 3283 555 3353 Domine,
577 3281 719 3339 alimento
739 3282 862 3352 satiasti,
884 3282 1051 3358 apostolicis
1071 3282 1333 3340 intercessionibus

129 3363 166 3418 ab
180 3364 260 3419 omni
275 3363 452 3420 adversitate
463 3363 586 3420 custodi.
629 3363 687 3420 Per
701 3363 872 3420 Dominum.

188 3455 263 3512 Alio
278 3456 521 3515 Posteommuuio

188 3537 279 3608 Deus,
296 3538 348 3613 qui
361 3538 467 3594 animae
481 3537 586 3594 famuli
598 3539 645 3594 tui
656 3537 764 3594 Leonis
784 3545 901 3594 aeternae
920 3537 1114 3595 beatitudinis
1128 3537 1252 3613 praemia
1265 3556 1333 3595 eon-

126 3617 234 3688 tulisti,
251 3619 375 3676 concede
388 3620 544 3695 propitius,
559 3625 595 3675 ut
615 3618 668 3694 qui
688 3625 874 3694 peccatorum
895 3625 1064 3676 nostrorum
1082 3618 1212 3694 pondere
1225 3618 1333 3695 premi·

127 3718 204 3770 mur,
219 3700 282 3774 ejus
296 3700 375 3776 apud
388 3707 419 3757 te
432 3701 568 3776 precibus
582 3699 778 3757 sublevemur.
821 3699 888 3756 Per.

256 3892 295 3948 Is
315 3907 370 3947 nm
390 3906 610 3948 nrosronoauu
633 3888 729 3945 Parni
751 3905 789 3945 er
810 3888 919 3946 Pium.
964 3885 1016 3966 (iii.
1033 3886 1104 3945 Kal.
1120 3886 1198 3965 Jul.)

188 4021 329 4095 Officium.

187 4102 277 4159 Nunc
291 4101 351 4158 scio
365 4120 434 4157 vere
448 4100 518 4175 quia
532 4098 614 4156 misit
624 4098 772 4154 Dominus
792 4097 931 4173 angelum
951 4118 1046 4169 suum,
1061 4103 1093 4154 et
1106 4098 1218 4174 eripuit
1232 4118 1282 4158 me
1295 4100 1333 4159 do

125 4202 216 4241 manu
227 4181 358 4239 Herodis
372 4188 403 4239 et
416 4182 453 4239 de
467 4180 548 4238 omni
562 4179 766 4255 expectatione
779 4179 874 4255 plebis
887 4179 909 4236 J
911 4179 1070 4236 udueorum.

185 4276 333 4334 Peutoeus.

186 4357 323 4427 Domine,
352 4356 485 4433 probasti
511 4374 560 4412 me
587 4359 617 4412 et
644 4353 809 4430 cognovisti
837 4373 900 4412 me:
921 4359 956 4411 tu
977 4351 1141 4430 cognovisti
1168 4353 1334 4415 sessionem

194 4457 223 4495 m
236 4445 267 4496 et
277 4438 524 4496 resurrectionem
536 4455 640 4494 meam.
