2910 4904
616 289 712 354 Festo
726 289 768 352 M
765 287 827 353 aii.
1281 297 1320 357 35

181 457 384 533 Eoueyelium.
428 457 504 515 Haee
518 456 625 514 mando
639 457 733 529 vobis,
748 456 892 532 quercia
911 455 1019 532 Viyiliu
1032 457 1126 515 auius
1138 459 1268 533 apostoli.

183 538 378 613 offertorium.

180 619 303 696 Repleti
316 640 418 678 sumus
432 639 519 677 mane
541 618 743 677 misericordia
764 624 826 690 tua,
842 625 873 675 et
894 619 1119 690 exsultavimus,
1135 626 1165 677 et
1183 620 1323 678 delectati

127 721 232 773 sumus,
247 701 384 777 alleluya.

180 781 304 841 Secreta.

126 880 130 902 ³
180 863 276 939 Super
288 863 350 935 has,
364 882 542 938 quaesumus,
558 861 695 932 Domine,
711 860 823 918 hostias
836 860 1003 920 benedictio
1018 862 1134 937 eopiosa
1147 863 1324 937 descendat,

125 963 183 1020 quae
197 951 228 1002 et
241 944 504 1001 sanctificationem
517 943 603 1000 nobis
624 942 784 1000 clementer
804 949 951 1018 operetur,
965 949 996 1001 et
1015 948 1137 1001 tuorum
1157 951 1322 1020 martyrum

125 1045 172 1084 nos
185 1025 386 1082 sollemnitate
399 1025 538 1082 laetificet.
582 1024 640 1081 Per
654 1024 819 1081 Dominum
832 1030 976 1082 nostrum.

180 1118 363 1178 Oemueuuio.
405 1118 427 1176 J
431 1117 693 1181 ustorumanimae.

179 1211 445 1270 Poeleemmuaia*

177 1292 297 1351 Refecti
327 1292 554 1369 participatione
588 1291 720 1348 muneris
754 1292 838 1362 sacri,
867 1311 1045 1367 quaesumus,
1074 1294 1203 1350 Domine
1239 1294 1321 1352 Deus

127 1379 226 1445 noster,
241 1380 278 1431 ut
291 1393 418 1449 quorum
433 1373 624 1449 exsequimur
637 1372 751 1430 cultum
766 1373 929 1429 sentiamus
943 1373 1088 1431 effectum.
1132 1374 1198 1432 Per.

131 1606 231 1664 Sanorr
255 1606 424 1676 Jonsnurs,
447 1621 591 1663 Arosronr
612 1621 649 1661 nr
673 1621 889 1662 uvsncnnrsrn
912 1623 992 1663 sure
1018 1622 1140 1664 Ponrau
1164 1607 1318 1667 Larinas.

572 1701 665 1779 (Prid.
682 1701 713 1758 N
715 1721 760 1759 on.
779 1700 866 1780 Mai.)

183 1841 321 1935 Officium.
365 1841 405 1897 In
417 1841 515 1897 medio
529 1838 666 1910 ecelesiae,
683 1859 749 1896 cum
762 1839 899 1915 alleluya,
915 1840 1051 1917 alleluya,
1067 1840 1202 1918 alleluya

181 1925 350 2078 libaniioqui
377 2001 518 2077 conspicis
546 2000 617 2077 quia
639 2020 693 2058 nos
720 2001 852 2076 undique
884 2003 961 2058 mala
993 2010 1094 2059 nostra
1125 2005 1301 2079 perturbant
1312 2025 1320 2077 3

136 2091 231 2157 presta,
248 2103 423 2160 quaesumus,
439 2088 475 2138 ut
492 2082 572 2140 beati
585 2082 607 2140 J
608 2081 741 2154 ohannis,
757 2082 882 2157 apostoli
900 2083 947 2139 tui
965 2090 996 2140 et
1013 2084 1209 2161 evangelistae,
1230 2086 1320 2142 inter·

138 2165 207 2222 cessio
220 2164 347 2241 gloriosa
360 2183 414 2221 nos
427 2169 571 2240 protegat.
615 2162 681 2220 Per.

183 2258 320 2332 Epistola.
364 2257 425 2326 Qui
438 2257 527 2314 timet
541 2256 647 2313 Deum.

182 2339 326 2415 Alleluya
377 2338 405 2395 V.
429 2337 491 2395 Hic
504 2344 550 2395 est
563 2335 732 2413 discipulus.

182 2420 326 2496 Alleluya.
375 2419 404 2477 V.
428 2418 485 2489 Ite,
504 2418 652 2487 nuntiate,
670 2416 784 2492 require
805 2418 839 2474 ia
859 2418 944 2476 Festo
966 2419 1060 2476 eoacti
1083 2418 1182 2476 Murci
1203 2441 1318 2495 eourepe-

140 2495 207 2570 liele;
227 2501 271 2558 vel
283 2501 319 2557 de
331 2498 511 2558 Aseeusioae.

182 2591 341 2668 Sequentia.
384 2591 480 2667 Virgo
494 2597 598 2663 mater,
612 2599 647 2647 ul
660 2592 694 2648 ia
709 2589 875 2650 Communi.
938 2584 939 2587 ¹

141 2672 380 2811 Foegueuyelium.
423 2671 512 2728 Dixit
534 2672 623 2730 Jesus
642 2671 750 2745 Petro,
776 2672 904 2748 Sequere
926 2692 981 2743 me,
1001 2693 1096 2746 quere
1118 2673 1152 2730 ia
1175 2673 1235 2732 ulio
1255 2675 1317 2751 ejus

184 2834 280 2892 Credo.

185 2914 373 2990 offertorium.
415 2913 524 2971 Justus
537 2919 572 2971 ut
585 2913 690 2990 palma

183 2996 319 3056 Semelei

183 3075 355 3134 Muneribus
380 3074 497 3147 nostris,
523 3094 700 3150 quaesumus,
728 3075 865 3149 Domine,
891 3077 1084 3155 precibusque
1108 3080 1259 3156 susceptis,
1286 3088 1316 3139 et

141 3153 280 3216 celestibus
294 3177 348 3215 nos
362 3157 473 3215 munda
487 3157 644 3232 mysteriis,
659 3164 689 3213 et
702 3156 864 3214 clementer
877 3158 993 3215 exaudi.
1037 3160 1102 3218 Per.

184 3239 329 3315 Praefutio.
372 3239 414 3296 Et
426 3246 466 3309 te,
482 3238 619 3310 Domine,
635 3238 814 3314 suppliciter.

185 3319 361 3378 Communia
405 3319 492 3376 Exiit
505 3338 609 3392 serm0,
625 3339 690 3376 eum
703 3319 838 3395 alleluya.

184 3411 440 3486 Peeleemmuaie.‡

185 3491 305 3565 Reieeti,
321 3492 458 3564 Domine,
473 3511 548 3568 pane
563 3491 678 3563 caelesti,
694 3491 895 3549 intercedente
916 3494 1002 3552 beato
1018 3494 1041 3552 J
1042 3495 1166 3568 ohanne,
1181 3498 1314 3574 apostolo

142 3571 180 3626 tuo
190 3579 216 3630 et
228 3573 424 3650 evangeliste,
438 3573 476 3630 ad
490 3574 593 3644 vitam,
607 3592 781 3650 quaesumus,
797 3573 968 3631 nutriamur
980 3581 1128 3635 aeternam.
1172 3578 1238 3636 Per.

185 3750 256 3797 llis.
268 3751 452 3810 D.-Sumplis,
472 3750 583 3808 Domine,
602 3750 743 3794 muneribus
764 3750 847 3808 sacris,
867 3750 954 3807 tribue,
975 3765 1120 3811 quaesumus,
1139 3758 1167 3800 ul
1187 3755 1312 3801 adsedem

143 3811 251 3861 truands
272 3814 413 3856 sanctorum
431 3814 565 3868 martyrum
584 3813 681 3854 tuorum
699 3809 840 3866 Alexandri,
857 3810 964 3868 Eventii,
979 3815 1003 3856 et
1021 3812 1141 3858 Tlreoduli
1157 3815 1269 3873 precibus
1290 3821 1313 3861 et

143 3869 387 3975 erenppnspppxnmus
396 3869 531 3914 incitemur.
562 3869 609 3913 Per
619 3869 756 3914 Dominum.

186 4001 254 4060 iMS.
271 4004 431 4050 D.-Seereta.
463 4004 504 4048 Sic
524 4018 575 4061 nos,
592 4017 735 4061 quaesumus,
753 4003 864 4060 Domine,
881 4003 945 4049 beati
964 4005 1091 4063 Johannis,
1109 4008 1211 4066 apostoli
1231 4010 1267 4054 tui
1288 4016 1313 4056 el

143 4062 276 4120 eungelistae,
287 4063 412 4108 sollemnia
421 4063 469 4108 tuis
480 4063 517 4106 iac
527 4063 645 4108 celebrare
655 4063 785 4122 mysteriis,
795 4066 822 4107 ut
833 4077 887 4121 quse
899 4064 1046 4121 praedicavit,
1055 4069 1080 4110 et
1090 4066 1213 4112 credamus
1224 4068 1314 4126 pariter

144 4116 164 4156 tl
171 4122 364 4227 oeffiffimper
375 4122 512 4168 Dominum

165 4304 169 4313 .
188 4252 198 4310 i
211 4253 257 4301 MS.
268 4254 515 4301 D.-Posteommunio.
546 4255 632 4310 Refice,
643 4269 791 4313 quaesumus,
806 4256 917 4313 Domine,
933 4257 1048 4315 populum
1064 4261 1132 4303 tuum
1149 4259 1314 4317 spiritualibus

145 4301 279 4418 lssffiiqtuipnet
298 4329 400 4374 quorum
420 4315 508 4359 tribuis
529 4314 652 4360 sollemnia
671 4314 799 4371 celebrare,
819 4315 858 4360 iac
883 4329 965 4360 eorum
985 4317 1080 4373 gaudiis
1101 4319 1224 4366 interesse.
1267 4322 1314 4367 Por

190 4426 241 4477 Both
250 4433 336 4480 Surum
345 4433 394 4479 and
404 4432 523 4479 Hereiord
533 4433 589 4478 here
599 4433 659 4479 have
671 4433 711 4478 the
722 4433 933 4479 Postcomruunion
945 4434 970 4478 in
981 4433 1021 4480 the
1031 4439 1089 4480 text
