2910 4904
136 306 177 368 98
569 290 665 370 Festa
686 304 890 390 Septembrts.

192 466 313 527 Secreta.
356 469 428 542 Tua,
445 471 580 542 Domine,
598 472 752 548 propitius.

193 549 433 609 Postcommanio.
487 551 628 629 Sumptis,
650 553 786 624 Domine,
809 553 996 625 salutaribus,
1018 563 1044 612 et
1069 560 1180 624 cetam
1204 553 1280 613 sicat
1299 553 1332 612 ic

139 630 247 706 Vipita'a
260 631 486 707 Assumptionc’a,
501 653 567 690 cam
580 633 719 691 meritoria
733 633 767 690 de
781 643 880 692 sanato
893 634 1025 693 Ecurtt’o.

455 830 566 889 Sanan
587 831 728 888 Evunrn.
772 829 834 910 (vii
850 830 895 888 Id.
912 830 1007 909 Sept.)

196 944 336 1020 Officium.
380 945 500 1003 Statuit.

196 1026 306 1085 Oratio.
349 1026 404 1096 Da,
420 1045 593 1102 quaesumus.

194 1106 335 1182 Epistola.
378 1107 453 1164 Ecce
473 1107 612 1164 sacerdos,

195 1187 329 1244 Gradcl.
372 1187 502 1245 Juravit.

192 1268 345 1343 Alleluya.¹
389 1268 417 1326 V.
440 1268 549 1325 Inveni
569 1267 675 1326 David

194 1349 394 1424 Eccapehant.
437 1344 538 1406 Homo
552 1348 672 1425 quidam
685 1367 811 1426 peregre.

195 1428 386 1503 Offertora'um.
429 1429 557 1487 Veritas.

195 1509 376 1568 Coruncanio.
418 1510 529 1568 Fidelis
549 1529 657 1566 servus.

212 1706 251 1762 Iu
272 1721 324 1761 nm
345 1704 549 1761 Narnurnrrs
570 1720 676 1760 suarm
696 1701 813 1759 Mania
833 1701 988 1760 thcnus.
1033 1699 1083 1779 (vi.
1100 1701 1146 1760 Id
1162 1701 1260 1780 Sept.)

194 1818 332 1892 Officium.

174 1898 181 1919 ‘'
196 1899 381 1956 Gaudeamus
401 1917 502 1954 omnes
516 1898 548 1954 in
567 1898 705 1969 Domino,
724 1897 802 1954 diem
824 1898 931 1954 festum
948 1896 1127 1954 celebrantes
1145 1898 1201 1954 sub
1218 1898 1330 1957 honore

134 1978 238 2036 Mariae
252 1978 383 2054 virginis,
393 1977 430 2036 de
443 1979 526 2055 cujus
544 1979 702 2036 nativitate
719 1978 849 2054 gaudent
866 1977 964 2055 angeli
982 1984 1013 2035 et
1030 1977 1200 2036 collaudant
1218 1978 1328 2037 Filium

134 2059 200 2117 Dei.

193 2138 337 2197 Psalntas.

193 2221 349 2277 Eructavit
362 2239 412 2278 cor
425 2240 523 2278 meum
536 2221 660 2277 verbum
673 2221 783 2277 bonum
797 2242 802 2276 :
824 2220 889 2277 dieo
903 2240 955 2296 ego
969 2239 1057 2296 opera
1070 2239 1135 2279 mea
1148 2221 1219 2298 regi.

195 2301 303 2359 Oratio.

194 2381 609 2458 supplicationemservorum
622 2388 750 2452 tuorum,
766 2381 855 2455 Deus,
871 2381 1025 2439 miserator
1043 2382 1159 2454 exaudi,
1175 2388 1210 2439 ut
1230 2382 1328 2459 quiin

133 2462 301 2520 Nativitate
324 2462 381 2520 Dei
401 2463 555 2538 genetricis
569 2469 600 2520 et
620 2463 740 2538 virginis
758 2481 974 2539 congregamur,
991 2463 1053 2539 ejus
1071 2463 1331 2521 intercessionibus

132 2544 312 2619 complacati,
327 2563 345 2600 a
358 2549 388 2600 te
401 2543 437 2600 de
451 2544 630 2601 instantibus
642 2543 778 2620 periculis
791 2562 935 2601 eruamur.
978 2543 1036 2600 Per
1049 2543 1184 2602 eundem.

193 2624 337 2682 Memoria
351 2625 385 2681 de
399 2635 496 2683 sancto
509 2623 652 2696 Adriano,
667 2634 801 2699 martyre.
846 2623 953 2682 Oratio.

193 2705 312 2776 Praesta,
329 2724 502 2780 quaesumus,
518 2705 702 2781 omnipotens
716 2706 805 2774 Deus,
820 2708 856 2760 ut
869 2705 921 2780 qui
941 2704 1021 2761 beati
1035 2702 1165 2761 Adriani
1185 2703 1329 2781 martyris

129 2785 175 2842 tui
196 2785 332 2842 natalitia
353 2785 482 2857 colimus,
506 2806 524 2843 a
547 2786 660 2843 cunctis
681 2785 766 2842 malis
786 2785 1009 2842 imminentibus
1033 2785 1097 2860 ejus
1118 2784 1329 2844 intercessione

131 2865 305 2923 liberemur..
340 2865 399 2922 Per
412 2866 582 2923 Dominum.

192 2945 331 3021 Epistola
375 2946 471 3004 Lectio
492 2947 561 3004 libri
580 2947 738 3022 Sapientiae
761 2947 815 3021 (ia.
841 2946 887 3004 1-7
889 2946 920 3021 )

193 3025 219 3083 Ο
233 3045 322 3102 quam
335 3026 458 3102 pulchra
470 3046 559 3101 usqae
572 3030 613 3085 ad
632 3028 783 3104 refrigerio
797 3026 861 3085 erit.

193 3106 325 3164 Gratata.
368 3107 453 3164 Audi
472 3107 540 3164 filia.

191 3187 338 3262 Alleluya.
387 3188 416 3247 V.
440 3185 592 3246 Nativitas
605 3188 736 3266 gloriosae
749 3187 885 3265 Virginis
899 3188 1002 3245 Mariae
1017 3207 1055 3246 ex
1069 3187 1180 3246 semine
1193 3187 1328 3247 Abrehae

130 3272 195 3325 orta
208 3268 244 3324 de
258 3269 338 3325 tribu
352 3268 375 3325 J
377 3268 434 3325 uda
447 3268 525 3326 clara
538 3289 576 3326 ex
589 3271 679 3346 stirpe
694 3270 800 3327 David.

190 3347 352 3422 Sequentia.

130 3428 202 3486 Alle
215 3429 327 3486 caeleste
341 3449 454 3487 necnon
467 3436 497 3488 et
510 3450 636 3508 perenne
650 3432 719 3508 luya

130 3509 196 3581 Dic,
211 3510 428 3585 paraphonista,
442 3531 509 3568 cum
523 3532 604 3568 mera
617 3513 797 3588 symphonia,

130 3590 214 3647 Tuba
227 3596 257 3647 et
271 3610 377 3647 canora
389 3592 538 3667 palinodia
553 3597 646 3649 canta.

129 3670 210 3728 Nam
224 3671 318 3728 omnis
331 3672 395 3728 usia
408 3672 483 3730 hanc
498 3673 611 3730 Christi
624 3673 800 3749 genetricem
814 3673 861 3730 die
875 3674 932 3731 ista

129 3750 301 3826 Congaudet
315 3758 454 3825 exortam,
470 3773 624 3830 perquam
637 3754 695 3810 sibi
708 3753 853 3810 sublatam
866 3753 946 3830 capit
958 3753 1059 3811 vitam.

127 3830 271 3889 Dauidica
284 3833 375 3909 stirpe
388 3840 452 3890 sata
465 3834 589 3891 Davidis
602 3835 639 3890 ad
653 3840 767 3910 sceptra
780 3840 824 3892 est
836 3833 963 3909 regenda
976 3834 1057 3909 prole
1069 3833 1255 3893 faecundata:

128 3912 193 3969 Nec
206 3913 359 3988 gravidata
371 3920 442 3971 sunt
455 3915 565 3972 viscera
577 3922 678 3972 temen
691 3934 743 3990 per
752 3915 813 3971 ulla
823 3915 915 3990 patris
926 3914 1064 3987 membre,
1074 3915 1126 3972 sed
1135 3935 1174 3972 ex
1183 3914 1242 3974 fide
1251 3913 1320 3975 sola.

127 3993 179 4050 Ab
193 4013 258 4051 arce
271 4014 384 4052 summa
397 3995 517 4071 angelus
530 3996 656 4068 adstans,
673 3995 778 4066 Maria,
793 3996 899 4071 inquit,
914 3995 1001 4067 alma,
1018 3994 1093 4067 Ave,
1107 3995 1196 4071 plena

127 4073 231 4131 Gratia
244 4095 332 4147 sacra,
344 4082 375 4133 et
388 4076 541 4134 benedicta
553 4076 677 4133 feminas
690 4077 770 4134 inter
783 4095 883 4134 omnes
896 4076 1028 4152 paritura

128 4154 248 4231 Regem,
265 4157 317 4233 qui
331 4157 395 4214 dira
407 4157 511 4214 mortis
523 4157 642 4215 vincula

125 4235 310 4294 Damnabit'*
323 4239 399 4295 mira
412 4257 479 4295 cum
492 4239 634 4315 potentia,
650 4258 736 4297 suum
752 4237 864 4316 plasma
877 4239 992 4298 solvens
1005 4243 1110 4318 sponte
1123 4256 1185 4309 sua,

125 4317 227 4394 Atque
241 4318 357 4378 beatam
371 4319 482 4378 donans
495 4320 596 4378 vitam.

523 4439 536 4466 ’
552 4439 623 4488 Mas.
634 4442 682 4488 and
692 4440 918 4489 'nidd-Damnavit.
