2910 4904
207 293 270 356 164
425 288 539 356 Missae
553 289 594 356 de
610 289 927 356 Omnmemoratimae
942 289 1041 356 beatae
1056 288 1190 356 Maria.

267 457 413 516 Psalmns.

266 539 339 608 Qua
359 538 500 615 gaudium
516 538 621 595 matris
641 538 752 595 habens
769 557 837 595 oum
858 537 1042 616 virginitatis
1062 537 1183 610 honore,
1206 557 1262 597 nec
1284 537 1413 615 primam

205 619 333 677 similem
346 620 411 676 risa
425 638 456 676 es
469 637 524 677 nee
538 618 646 677 habere
659 623 842 694 sequentem.

270 711 379 770 Oratio.
795 749 798 754 -

266 791 399 850 Concede
429 811 484 849 nos
519 791 646 849 famulos
676 798 751 864 tuos,
780 810 958 867 quaesumus,
988 791 1118 850 Domine
1145 792 1239 866 Deus,
1265 798 1413 871 perpetua

205 873 313 931 mentis
337 881 367 931 et
388 872 516 949 corporis
536 873 664 930 sanitate
684 872 833 949 gandere;
859 877 890 931 ct
909 872 1037 949 gloriosa
1056 874 1151 931 beatae
1172 872 1282 932 Mariae
1299 894 1415 951 sempor

204 954 329 1030 virginis
352 952 570 1024 intercessione,
592 973 611 1010 a
633 953 773 1028 praesenti
799 953 920 1011 liberari
943 953 1076 1028 tristitia,
1102 959 1133 1012 et
1159 960 1273 1015 aetcma
1300 955 1413 1033 perfrui

204 1034 318 1092 laetitia.
372 1035 430 1092 Per
450 1034 615 1091 Dominum
635 1040 779 1092 nostrum.

263 1127 360 1185 Lectio
375 1126 443 1184 libri
455 1126 616 1202 Sapientiae
629 1126 759 1203 (Eeclns.
775 1127 850 1184 oraio.
869 1126 984 1205 14-16).

263 1208 315 1265 Ab
338 1208 427 1265 initio
451 1213 482 1264 et
504 1213 575 1265 ante
598 1208 704 1264 saecula
729 1214 828 1265 creata
851 1227 918 1265 sum
938 1209 1087 1285 nequead
1108 1208 1150 1266 Et
1166 1209 1201 1266 in
1222 1210 1412 1287 plenitudine

204 1295 374 1347 sanctorum
388 1288 522 1345 detentio
536 1307 609 1345 mea.

266 1381 401 1439 Gratata.

263 1462 426 1520 Benedicta
446 1467 477 1520 et
494 1461 674 1519 venerabilis
695 1481 735 1533 οε,
753 1459 838 1539 virgo
859 1462 958 1519 Maria
968 1482 977 1534 3
1007 1482 1073 1539 quae
1095 1463 1160 1520 sine
1181 1468 1269 1521 tactu
1291 1464 1412 1541 pudoris

203 1545 328 1601 iuventa
342 1563 372 1600 es
386 1548 482 1600 mater
497 1542 669 1601 Salvatoris.

210 1625 238 1682 V.
266 1624 362 1700 Virgo
377 1624 435 1681 Dei
448 1624 593 1700 genetrix,
609 1643 697 1699 quem
711 1628 794 1681 totus
814 1643 876 1680 non
897 1623 976 1700 capit
990 1625 1090 1683 orbis:
1117 1624 1152 1681 in
1172 1630 1228 1683 tua
1249 1644 1283 1683 se
1304 1626 1411 1685 clausit

205 1707 318 1762 viscera
331 1706 427 1762 factus
440 1706 537 1764 homo.

264 1786 415 1860 Alleluya.
478 1785 506 1843 V.
544 1784 617 1841 Post
648 1791 768 1860 partum
806 1784 890 1861 virgo
921 1785 1068 1844 inviolata
1101 1787 1296 1862 permansisti
1306 1808 1316 1861 ;
1354 1787 1413 1847 Dei

204 1867 342 1942 genetrix
365 1866 513 1923 intercede
537 1886 591 1941 pro
615 1865 708 1923 nobis.

264 1963 333 2020 Ista
347 1961 507 2037 Sequentia
530 1962 696 2037 subscriptae
720 1962 862 2020 dicantar
888 1963 1057 2021 altemmtim
1076 1963 1111 2021 in
1132 1962 1414 2024 Commemoratione

204 2045 289 2100 beatae
304 2044 411 2100 llnriae
425 2064 445 2100 a
457 2043 541 2100 Festo
555 2043 779 2117 Purificationia
794 2044 881 2101 beatae
896 2042 1004 2100 Marica
1017 2064 1109 2119 nsque
1122 2046 1164 2102 ad
1178 2044 1282 2122 capnt
1295 2044 1413 2123 Jejaait

203 2134 228 2180 et
242 2146 262 2182 a
282 2124 366 2181 Festo
379 2123 494 2181 Sanctae
509 2122 669 2203 Trinitatis
681 2144 771 2198 asaiae
786 2125 826 2181 ad
840 2124 1008 2183 Adventum
1021 2125 1151 2184 Domini

264 2216 428 2291 Sequentia.
471 2216 540 2272 Ave
554 2216 661 2272 Maria.

264 2298 336 2354 Atta
349 2297 514 2372 Sequentia.
560 2297 629 2353 Ave
642 2297 755 2354 muudi.

264 2379 336 2436 Alia
350 2377 514 2453 Sequentia.
559 2378 626 2434 Hac
646 2378 724 2434 clara
738 2379 793 2435 die.

264 2459 336 2516 Alia
348 2458 512 2533 Sequentia.
557 2459 727 2515 Hodiernae.

263 2540 336 2597 Atta
349 2539 512 2615 Sequentia.
556 2539 718 2596 Benedicta
731 2559 761 2596 es
776 2540 921 2597 caelorum.

260 2620 332 2679 Atia
346 2620 509 2696 Sequentia.
554 2620 659 2677 Gaude
675 2620 732 2677 Dei
747 2621 892 2696 genetrix.

263 2718 388 2793 Require
408 2717 482 2774 istas
508 2715 680 2791 Sequentiao
699 2715 783 2790 infra
810 2718 931 2774 Oetaeas
952 2715 1178 2794 Amnnmtionic.
1231 2718 1360 2791 thlo
1370 2724 1410 2797 fit

202 2798 442 2857 Gornntemoratio
457 2797 543 2854 beatae
556 2797 666 2853 Mariae
679 2795 757 2854 inter
766 2796 881 2871 festiem
897 2797 1055 2856 Trinitatis
1068 2807 1094 2856 et
1107 2798 1276 2859 Adventans
1285 2802 1409 2861 Domata·

203 2881 237 2936 in
249 2889 329 2937 senta
349 2879 447 2949 Faria,
464 2887 532 2935 time
546 2877 656 2935 dicitnr
669 2877 848 2952 Sequentia:
870 2879 975 2935 Stabat
990 2880 1083 2955 juxta
1097 2879 1211 2938 Ohristi
1225 2881 1359 2941 Crucem.

264 2970 356 3045 Infra
368 2970 618 3046 Septnapesimam
632 2971 743 3027 dicitnr
756 2971 809 3027 iate
825 2971 958 3028 Tractus.

264 3052 376 3122 Gaude,
393 3051 491 3108 Maria
505 3052 588 3127 virgo
602 3072 608 3107 :
629 3057 751 3108 cunctas
765 3052 889 3108 haereses
902 3052 964 3109 sola
977 3052 1164 3112 interemisti.

210 3134 239 3190 V.
264 3133 337 3202 Quae
359 3130 507 3189 Gabrielis
520 3131 704 3208 Archangeli
718 3132 805 3190 dictis
818 3132 980 3193 credidisti.

209 3216 238 3272 V.
262 3214 344 3271 Dum
357 3212 441 3288 virgo
455 3213 554 3270 Deum
568 3219 598 3269 et
611 3213 762 3270 homiuem
774 3213 925 3289 genuisti:
948 3220 1060 3291 etpost
1075 3221 1196 3292 partum
1208 3216 1296 3295 virgo
1314 3216 1400 3275 invio·
1450 3202 1453 3237 ³

207 3296 268 3352 lata
288 3294 489 3371 permansisti.
733 3332 737 3339 -

211 3377 239 3434 V.
263 3375 322 3432 Dei
335 3376 482 3452 genetrix,
503 3374 652 3432 intercede
666 3394 720 3450 pro
734 3374 827 3431 uobis.

265 3469 433 3526 Secundam
446 3467 559 3525 bacam
573 3467 628 3544 (ni.
647 3468 694 3539 27,
710 3468 775 3545 28).

265 3550 304 3606 In
318 3549 369 3605 illo
383 3555 523 3624 tempore,
539 3548 694 3624 Loquente
714 3548 736 3605 J
738 3567 789 3605 esu
803 3549 840 3605 ad
854 3550 965 3620 turbas,
983 3550 1129 3608 extollens
1149 3570 1253 3610 rocem
1272 3550 1391 3631 quadum

205 3630 312 3687 mulier
325 3630 361 3686 de
374 3631 463 3686 turba
476 3629 556 3686 dixit
569 3629 614 3685 illi
628 3649 635 3700 ;
663 3629 774 3686 Beatus
787 3635 892 3686 venter
905 3630 1002 3705 quite
1021 3631 1162 3707 portavit,
1178 3638 1210 3689 et
1230 3633 1321 3692 ubem
1337 3648 1389 3709 qua

205 3711 320 3768 suxisti.
372 3711 418 3767 At
438 3709 489 3767 ille
509 3710 605 3782 dixit,
637 3710 818 3782 Quinimmo,
833 3711 914 3768 beati
928 3712 980 3786 qui
993 3711 1120 3769 audiunt
1139 3714 1265 3771 verbum
1287 3712 1389 3785 Deiat

205 3791 376 3850 custodiunt
388 3790 472 3847 illud.

268 3884 392 3956 Qnaiado
418 3883 495 3941 inter
514 3883 629 3958 festum
658 3884 815 3942 Trinitatis
834 3893 860 3943 et
882 3883 1048 3944 Adventum
1069 3884 1195 3945 Domini
1216 3896 1349 3947 omatatar
1361 3882 1390 3959 da

206 3967 337 4025 Domina
347 3965 437 4022 Faria
450 3974 537 4037 senta,
553 3965 670 4022 dicatnr
689 3965 838 4041 Alleluya.
887 3966 917 4023 V.
939 3966 1035 4043 Virga
1051 3967 1073 4025 J
1074 3985 1143 4025 esse.

265 4058 430 4134 Sequentia.
474 4058 587 4115 Stabat.

265 4152 466 4227 Eonnqeliam.
511 4150 638 4208 Stabant
655 4151 745 4226 juxta
758 4171 881 4209 crucem.

268 4244 459 4318 offertorium.

267 4325 354 4383 Felix
374 4343 502 4401 nemque
515 4343 554 4395 es,
570 4345 651 4382 sacra
665 4325 749 4401 virgo
763 4325 870 4397 Maria,
885 4332 916 4383 et
930 4327 1012 4384 omui
1025 4325 1112 4385 laude
1125 4327 1317 4407 dignissima.
1336 4326 1394 4407 quis

205 4426 244 4463 ex
258 4413 288 4464 te
301 4413 383 4464 ortus
396 4412 441 4465 est
454 4405 498 4464 sol
507 4406 634 4482 justitiae
649 4405 785 4465 christus
799 4407 883 4465 Deus
896 4414 1005 4479 noster,
1019 4406 1156 4485 alleluya.
