2910 4904
118 387 121 394 .
216 332 276 392 152
408 330 454 394 Im
468 329 591 394 Natali
604 328 713 394 amics
731 326 1215 414 OoasessmismomPomtificia

277 494 468 569 Offirtorium.

273 575 395 639 Veritas
418 596 483 634 mea
506 583 536 633 et
560 576 758 634 misericordia
784 596 849 634 mea
876 596 942 634 cum
969 575 1052 653 ipso:
1076 582 1106 634 et
1133 576 1166 633 in
1192 575 1315 633 uomina
1342 594 1409 633 meo

214 656 393 713 exaltabitur
406 677 497 714 cornu
511 658 580 733 ejus.

274 736 315 794 Im
329 746 450 813 tcarpom
463 737 608 808 Paselmli,
624 738 772 813 Alleluya.

276 817 469 891 Offirtorimm.

275 899 461 956 Desiderium
475 899 580 955 animae
601 900 663 974 ejus
681 899 813 956 tribuisti
833 898 868 971 ei,
884 898 1028 956 Domine:
1049 904 1079 956 et
1092 898 1247 957 voluntate
1259 900 1408 959 labiorum

215 981 277 1055 ejus
303 999 363 1036 non
389 979 531 1037 fraudasti
559 1000 640 1036 eum:
660 980 785 1056 posuisti
810 981 843 1036 in
870 980 965 1055 capite
991 981 1055 1055 ejus
1078 999 1215 1037 coronam
1243 980 1281 1039 de
1308 980 1408 1058 lapido

215 1060 348 1135 pretioso.

273 1139 393 1198 Sec-reim

275 1221 374 1278 Sancti
384 1222 437 1290 tui,
453 1221 588 1292 Domine,
600 1241 663 1294 nos,
677 1241 852 1296 quaesumus,
866 1221 976 1296 ubique
989 1220 1155 1294 laetificent3
1169 1228 1204 1279 ut
1218 1222 1293 1279 dum
1302 1242 1406 1281 eorum

214 1301 319 1358 merita
331 1302 492 1374 recolimus,
508 1303 672 1378 patrocinia
684 1303 852 1359 sentiamus.
896 1302 954 1359 Per
967 1302 1138 1360 Dominum.

275 1382 457 1440 Commutatio.
1133 1447 1136 1451 ,

272 1464 382 1520 Beatus
410 1483 511 1520 servus
538 1483 625 1539 quem
647 1483 713 1520 cum
740 1463 855 1520 venerit
879 1464 1014 1521 dominus
1035 1463 1182 1521 invenerit
1206 1464 1407 1541 vigilantem:

214 1564 309 1615 amen,
324 1545 388 1601 dico
402 1544 493 1613 vobis,
510 1564 597 1619 super
610 1544 709 1600 omnia
718 1544 796 1600 bona
808 1545 1032 1603 suacenstituet
1043 1564 1118 1602 eum.

272 1624 293 1680 I
291 1646 313 1681 11
327 1634 448 1700 terimam
461 1624 607 1697 Pasclmli,
618 1625 768 1698 Alleluya.

273 1705 452 1763 00111111111110.

273 1786 409 1857 Domine,
430 1787 559 1861 quinque
577 1786 690 1842 talenta
706 1785 857 1842 tradidisti
878 1786 969 1852 mihi:
990 1805 1054 1843 eece
1077 1786 1136 1843 alia
1153 1786 1287 1863 quinque
1306 1807 1409 1865 super-

213 1867 343 1923 lucratus
357 1887 440 1924 sum:
462 1867 552 1940 Euge,
568 1886 649 1922 serve
671 1868 746 1923 bone
770 1873 798 1923 et
820 1867 934 1924 fidelis:
956 1868 1026 1943 quia
1047 1868 1079 1923 in
1093 1886 1186 1943 pauca
1199 1867 1287 1927 fuisti
1300 1869 1406 1943 fidelia,

214 1966 302 2022 supra
315 1948 410 2003 multa
423 1953 453 2004 te
467 1948 644 2004 constituam
657 1969 663 2004 :
678 1948 758 2003 intra
769 1948 800 2002 in
814 1948 954 2023 gaudium
968 1948 1090 2005 Domini
1103 1948 1156 2005 tui

272 2027 312 2083 Ia
326 2036 447 2103 terimam
460 2027 605 2098 Pusolmli,
621 2027 769 2103 Alleluya,
784 2029 917 2104 alleluya.

272 2107 450 2166 Communia.

270 2188 381 2245 Fidelis
403 2209 503 2245 servus
524 2195 554 2245 11
574 2189 710 2264 prudens
726 2209 813 2263 quem
833 2189 988 2247 constituit
1008 2190 1143 2247 dominus
1157 2210 1245 2267 super
1257 2190 1404 2251 familiam

210 2288 308 2327 suam:
329 2275 364 2326 ut
378 2270 428 2326 det
441 2270 500 2325 illis
514 2269 546 2325 in
559 2275 690 2345 tempore
703 2270 796 2327 tritici
810 2290 983 2327 mensuram.

269 2349 311 2406 Im
326 2360 447 2425 tempora
459 2350 603 2422 Puselmli,
619 2350 767 2426 Alleluya.

271 2431 451 2489 Ooaamamio.

272 2512 367 2570 Semel
382 2513 484 2588 juravi
507 2512 540 2568 in
558 2517 659 2569 sancto
676 2531 759 2569 meo:
781 2530 880 2569 semen
900 2513 963 2587 ejus
983 2513 1015 2568 in
1040 2518 1183 2571 aeteruum
1197 2516 1351 2575 manebit:
1370 2524 1400 2575 ot

211 2594 291 2650 sedes
305 2595 377 2669 ejus,
392 2594 467 2649 sicut
480 2592 522 2649 sel
537 2593 570 2649 in
583 2598 738 2668 conspectu
747 2612 811 2650 meo
825 2614 831 2651 :
853 2598 883 2650 ct
895 2596 969 2651 sicut
980 2593 1050 2650 luna
1061 2594 1191 2669 perfecta
1200 2597 1234 2653 in
1247 2604 1398 2671 aeternum,

210 2681 240 2730 et
253 2676 337 2731 testis
351 2675 383 2730 in
396 2675 465 2731 caelo
477 2674 577 2730 fidelis.

270 2755 508 2813 Postcmnumaio.

269 2836 356 2892 Beati
369 2837 407 2892 N.
425 2835 595 2892 confessoris
608 2834 655 2890 tui
668 2840 756 2909 atque
770 2834 924 2909 pontificis,
940 2836 1077 2907 Domine,
1093 2838 1241 2914 suffragiis
1251 2846 1394 2911 exoratus,

209 2918 338 2990 percepti
351 2916 524 2971 sacramenti
537 2934 590 2971 nos
603 2915 715 2972 virtute
729 2915 856 2972 defende
900 2915 957 2972 Per
972 2917 1133 2975 Dominum
1146 2926 1283 2979 nostrum
1294 2921 1392 2980 Jeaum

210 2996 360 3052 Christum
374 2996 485 3052 Filium
498 3003 591 3054 tuum.
635 2996 701 3062 Qui.
1338 2994 1344 3005 '

400 3198 439 3254 IN
460 3198 581 3253 NATALI
603 3213 696 3254 UNIUS
717 3197 921 3255 Ocuruss'oms
942 3216 1005 3257 NON
1025 3199 1210 3260 Pourlrlcls

271 3321 409 3395 Officium.
454 3322 495 3378 Os
505 3322 588 3396 justi.
625 3361 627 3365 ψ

268 3402 376 3460 Oratio.

268 3484 389 3553 Adesto,
406 3484 541 3554 Domine,
565 3483 698 3558 precibus
711 3484 819 3540 nostris
839 3503 910 3559 quas
930 3485 963 3541 in
984 3486 1078 3542 saneti
1096 3486 1133 3545 N.
1156 3487 1328 3547 confessoris
1345 3494 1447 3553 tufi

208 3562 402 3621 sollemnitate
416 3565 590 3635 deferimus,
610 3569 644 3620 ut
663 3564 715 3640 qui
731 3570 838 3620 nostrae
855 3566 982 3640 justitiae
1006 3566 1143 3624 fiduciam
1163 3588 1225 3626 non
1244 3570 1447 3647 habemffi

208 3645 270 3718 ejus
284 3646 336 3719 qui
348 3646 404 3701 tibi
424 3646 534 3721 placuit
548 3645 661 3702 meritis
677 3650 706 3702 et
720 3646 853 3720 precibus
866 3647 1046 3723 adjuvemur.
1089 3648 1148 3706 Per
1161 3650 1330 3713 Dominum.

268 3725 383 3800 Epistol
402 3770 407 3783 .
450 3727 584 3783 Dilectus
598 3746 615 3782 a
629 3726 702 3782 Dee.

265 3805 366 3863 Altera
386 3807 524 3881 Epistola.
566 3808 588 3864 J
589 3812 673 3863 ustus
683 3827 732 3864 cer
745 3828 838 3865 suum.

267 3887 399 3944 Grudala.
443 3888 579 3958 Domine,
592 3889 766 3962 praevenisti.

266 3968 413 4043 Alleluya.
462 3968 491 4025 V.
514 3968 619 4025 Justus
633 3969 816 4043 germinabit.

265 4049 411 4124 Alleluya.
461 4049 489 4107 V.
513 4049 575 4106 Iste
589 4056 713 4106 sanctus.

265 4129 427 4204 Sequentia.
473 4130 634 4203 OrganiciS,
649 4140 682 4185 ut
695 4132 728 4187 ia
743 4130 903 4190 Conarmmi.

264 4210 466 4285 Euctuqeliam.
509 4211 627 4280 Videte,
643 4211 770 4285 vigilate.
998 4202 1003 4213 ⁰

263 4291 462 4365 Eraerrqelima.
506 4291 602 4348 Nemo
615 4291 769 4350 lucarnam.

264 4371 457 4443 Offirtomum.
500 4372 627 4429 Veritas.

264 4451 453 4524 Offerre-iam.
497 4452 690 4511 Desiderium.
