2910 4904
336 283 457 348 Miscol
475 282 582 368 Offices
600 285 693 369 from
707 281 757 348 the
771 283 909 367 Booyor
923 242 1118 368 Pontifieod
1260 282 1322 347 339

189 450 310 510 Secreto.

189 533 280 603 Deus,
296 532 348 609 qui
367 539 398 590 te
414 532 547 609 praecipis
560 553 578 589 a
591 532 790 608 peccatoribus
803 531 928 603 exorari,
942 531 1057 607 tibique
1069 529 1244 588 sacrificium
1258 549 1324 588 con·

126 613 196 672 triti
209 615 303 671 cordis
323 613 422 670 offerri
431 634 440 686 3
460 614 516 670 hoc
532 614 706 670 sacrificium
726 613 805 689 quod
824 611 954 690 indignis
974 612 1110 669 manibus
1129 611 1202 668 meis
1226 611 1323 683 offero,

126 702 277 770 acceptare
302 695 442 771 dignare,
473 702 504 751 et
526 700 562 751 ut
581 695 642 770 ipse
662 695 719 751 tibi
745 693 842 752 hostia
865 699 895 751 et
919 693 1093 751 sacrificium
1116 712 1177 750 esse
1200 712 1320 766 merear,

127 776 284 834 miseratus
300 776 423 833 concede
434 798 441 847 3
462 776 541 851 quod
562 795 613 851 per
633 774 766 851 mysterii
789 775 877 850 hujus
901 774 1114 832 exhibitionem
1138 780 1322 851 peccatorum

129 857 263 914 omnium
277 857 437 932 percipiam
451 856 657 914 remissionem.
701 856 764 912 Per.

191 938 433 995 Postcommunio.

190 1019 289 1075 Aures
313 1025 372 1075 tuae
386 1019 514 1094 pietatis,
530 1018 683 1074 mitissime
706 1017 795 1089 DeuS,
817 1016 928 1074 inclina
941 1016 1075 1093 precibus
1099 1014 1194 1087 meis3
1217 1019 1248 1072 et
1271 1033 1324 1091 per

126 1099 218 1175 hujus
238 1100 333 1156 divini
352 1100 528 1156 sacramenti
547 1099 642 1156 carnis
656 1104 687 1155 et
700 1097 849 1174 sanguinis
862 1097 934 1154 Filii
946 1097 992 1153 tui
1006 1096 1129 1154 Domini
1141 1096 1238 1153 nostri
1250 1095 1272 1152 J
1273 1113 1324 1153 esu

127 1178 241 1237 Christi
255 1180 332 1255 quod
346 1180 483 1256 indignus
497 1180 609 1256 sumpsi
622 1180 804 1255 mysterium,
815 1179 910 1254 gratia
924 1177 1025 1236 Sancti
1039 1177 1168 1255 Spiritus
1187 1176 1325 1233 illumina

127 1279 179 1316 cor
201 1280 299 1316 meum
305 1281 314 1332 3
334 1266 370 1317 ut
393 1262 454 1318 tuis
478 1261 625 1336 mysteriis
649 1260 736 1336 digne
756 1260 933 1331 ministrare,
958 1265 1047 1334 teque
1070 1264 1180 1316 aeterna
1200 1257 1323 1315 caritate

126 1340 251 1416 diligere
275 1348 306 1398 et
329 1343 506 1417 sempiterna
529 1341 636 1417 gaudia
657 1341 804 1417 percipere
827 1360 947 1399 merear.
990 1339 1049 1396 Per
1070 1339 1241 1397 Dominum.
1284 1337 1323 1394 In

127 1421 253 1478 unitate.

546 1559 613 1617 Pro
635 1560 710 1616 Irss
729 1559 918 1618 Ausumsus

191 1702 300 1762 Oratio.
343 1704 465 1775 Adesto,
481 1706 616 1778 Domine,
632 1716 657 1763 et
670 1716 760 1765 cetera
773 1706 824 1783 (ut
842 1727 942 1784 supro,
957 1707 1013 1765 vol.
1029 1707 1059 1765 ii
1075 1727 1102 1786 p.
1117 1706 1201 1784 179)
1335 1742 1360 1791 4

189 1783 309 1842 Secreto.
353 1784 526 1861 Propitiare,
542 1787 678 1859 Domine,
692 1796 719 1846 et
732 1796 821 1847 cetera
834 1788 984 1867 (ibidem)

190 1866 433 1924 Postcommuniu

191 1945 274 2002 Deus
294 1947 419 2003 infinitae
439 1949 643 2005 misericordiae
658 1956 687 2006 et
700 1950 863 2025 majestatis
876 1951 1034 2022 immensae,
1056 1969 1144 2026 quem
1163 1968 1217 2008 nec
1230 1948 1325 2026 spatia

127 2026 261 2084 locorum
278 2046 332 2085 nec
353 2028 511 2085 intervalla
527 2036 691 2104 temporum
709 2031 746 2087 ab
762 2031 809 2088 his
827 2051 899 2108 quos
917 2032 1010 2090 tueris
1034 2032 1209 2108 abjungunt,
1223 2030 1324 2089 adesto

127 2106 248 2164 famulis
261 2108 321 2164 tuis
345 2109 377 2164 in
390 2114 421 2165 te
442 2109 552 2184 ubique
572 2111 788 2184 confitentibus,
809 2118 840 2169 et
853 2133 906 2189 per
925 2133 1043 2170 ornnem
1057 2132 1146 2189 quam
1165 2112 1240 2169 ituri
1253 2117 1323 2169 sunt

128 2188 210 2244 viam
230 2188 292 2244 dux
315 2188 357 2245 eis
371 2196 401 2246 et
422 2209 516 2247 comes
530 2190 628 2248 adesse
645 2192 772 2267 dignare.
815 2193 902 2249 Nihil
922 2193 981 2250 illis
995 2193 1181 2251 adversitatis
1201 2198 1305 2250 noceat
1313 2211 1323 2264 3

127 2268 206 2325 nihil
226 2269 407 2326 difficultatis
428 2271 571 2343 obsistat,
594 2278 700 2328 cuncta
714 2272 754 2329 eis
769 2272 905 2344 salubria,
921 2281 1027 2330 cuncta
1040 2275 1102 2331 sint
1122 2293 1278 2349 prospera3
1292 2279 1323 2330 et

128 2350 185 2406 sub
208 2367 261 2425 ope
283 2351 411 2407 dexterae
433 2357 491 2407 tuse
506 2352 645 2428 quicquid
666 2353 805 2428 petierint
825 2354 975 2428 desiderio,
999 2354 1086 2414 celeri
1106 2359 1323 2431 consequantur

129 2430 244 2488 effectu.
288 2430 352 2489 Per.
395 2433 503 2502 Amen,
517 2453 608 2491 amen.
