2910 4904
273 256 394 321 Missal
411 256 517 342 Offices
532 257 628 340 from
642 255 691 322 tlte
706 257 843 340 Banqor
857 255 1046 340 Pontifieol.
1192 257 1255 325 337

302 424 330 481 S.
346 424 482 495 Martini,
493 424 619 500 episcopi
633 429 663 480 et
676 424 854 481 confessoris.

304 507 331 562 S.
347 505 506 576 Edmundi,
520 504 729 581 archiepiscopi
748 504 973 562 cantuariensis.

305 587 332 642 S.
349 585 493 660 Hugonis.

305 669 331 724 S.
348 666 506 736 Edmundi,
520 665 597 742 regis
610 671 640 723 et
653 665 798 741 martyris.

304 748 331 803 S.
350 744 517 804 Clementis,

305 829 332 883 S.
350 827 531 894 Katharinae.

615 989 708 1045 VIII.

343 1113 533 1169 annmcmo
554 1112 641 1168 Imus
662 1128 703 1168 nx
724 1112 826 1168 Simon
847 1128 978 1169 excussi.

123 1236 211 1293 Faria
224 1245 304 1294 sexta
318 1237 437 1294 Paseleoe
450 1238 491 1293 url
505 1256 634 1312 resperas
646 1236 691 1293 ael
706 1234 831 1294 Sublato
844 1234 958 1294 Surrctu
1002 1236 1149 1294 Dominus
1162 1235 1257 1294 vobis·

62 1338 138 1376 cum

124 1398 257 1454 (li-emus.
303 1399 411 1456 Orutio.

123 1479 260 1546 Domine,
286 1487 384 1536 sancte
409 1480 507 1548 Pater,
533 1480 718 1554 omnipotens
745 1485 853 1535 aeterne
878 1477 1204 1558 DeuS,bene›1‹dioere
1225 1487 1256 1538 et

60 1560 244 1617 sanctificare
266 1560 395 1635 digneris
413 1560 511 1635 ignem
529 1559 628 1630 istum,
650 1578 737 1634 quem
759 1579 812 1616 nos
831 1559 947 1636 indigni
966 1579 1018 1636 per
1038 1560 1254 1618 invocationem

60 1641 208 1716 unigeniti
229 1640 299 1697 Filii
319 1642 365 1696 tui
386 1641 508 1697 Domini
529 1641 622 1697 nostri
641 1640 715 1697 lesu
729 1639 841 1697 Christi
860 1641 1029 1699 benediccm
1042 1641 1253 1716 praesumimus.

60 1722 107 1777 Tu
128 1721 352 1778 clementissime
373 1742 440 1778 eum
461 1729 514 1777 tua
536 1721 737 1778 benedictione
757 1719 964 1800 sanctiffllica,
983 1729 1014 1779 et
1033 1722 1071 1779 ad
1091 1721 1254 1798 profectum

60 1803 151 1875 hujus
164 1803 278 1877 generis
291 1803 444 1879 pervenire
458 1802 589 1859 concede.
632 1801 696 1860 Per.

122 1881 193 1938 alliu
208 1883 316 1940 Oratis.

123 1964 214 2035 DeuS,
223 1965 275 2038 qui
285 1984 336 2039 per
344 1964 455 2020 Filium
465 1972 559 2032 tuum,
569 1964 738 2038 angularem
749 1964 859 2021 scilicet
867 1964 1003 2040 lapidem,
1016 1964 1147 2022 cantatis
1155 1965 1253 2040 ignem

60 2045 122 2101 tuis
144 2045 279 2101 fidelibus
300 2045 459 2113 contulisti,
476 2044 652 2118 productum
672 2064 688 2101 e
709 2044 789 2102 silice
809 2045 1128 2121 nostrisprofuturum
1152 2045 1254 2103 usibus

60 2145 172 2182 novum
181 2125 259 2181 hune
268 2127 365 2201 ignem
378 2125 545 2197 sanctitum
567 2130 597 2182 et
607 2125 730 2182 concede
744 2126 828 2182 nobis
842 2127 885 2183 ita
893 2146 945 2202 per
955 2127 1100 2183 haecfesta
1109 2125 1256 2202 paschalia

60 2207 226 2264 caelestibus
240 2207 390 2263 desideriis
407 2206 594 2276 inflammari,
608 2212 643 2262 ut
661 2206 697 2261 ad
711 2213 852 2282 perpetua
864 2206 939 2264 festa
957 2208 1089 2284 purgatis
1108 2207 1257 2265 mentibus

60 2289 228 2363 pertingere
241 2289 397 2344 valeamus.
440 2286 498 2343 Per
512 2287 635 2344 eundem
650 2286 812 2343 Dominum
826 2293 968 2345 nostrum.

630 2439 688 2495 IX.

258 2563 498 2619 Rscoucmmmo
520 2562 745 2618 Psmrmnon
767 2577 801 2617 m
822 2561 908 2619 Onus
928 2563 1058 2621 Donnn.

123 2685 240 2739 salente
268 2683 407 2756 Pontifice
425 2703 479 2756 pro
496 2681 617 2756 jor-tons
644 2680 786 2754 Ecclesiae,
810 2683 1016 2757 poenitentibus
1036 2704 1099 2742 uero
1121 2685 1155 2742 in
1178 2685 1258 2744 utrm

61 2765 175 2824 cratinus
197 2784 262 2820 curn
291 2763 504 2820 Arcleicliacono
525 2762 645 2837 jussum
665 2761 748 2818 illius
762 2763 1005 2837 praestolantibus,
1033 2774 1190 2840 antequam
1212 2786 1258 2825 eos

60 2846 170 2919 offerat,
181 2844 306 2919 postulet
320 2844 550 2900 Aruleidiueonus
563 2843 609 2900 ln's
625 2841 736 2912 verbis;
760 2843 865 2914 Adest,
881 2845 906 2902 Ο
922 2845 1255 2923 romanuspontifex,

60 2937 87 2983 et
101 2936 191 2983 cetera
206 2925 366 3000 (utsupra,
381 2924 437 2980 vol.
453 2925 472 2980 i.
487 2943 515 2999 p.
533 2925 592 2997 94).

125 3007 208 3063 Tune
234 3006 312 3062 dieat
339 3005 496 3077 Pontifex:
537 3004 654 3076 Venite,
685 3003 792 3076 venite,
821 3005 927 3076 venite,
956 3007 1029 3065 filii:
1062 3007 1162 3066 audite
1192 3027 1258 3082 me;

61 3089 199 3144 timorem
214 3087 335 3143 Domini
350 3086 457 3142 docebo
472 3105 531 3141 vos.

123 3169 153 3223 E
153 3177 163 3223 t
178 3168 328 3224 Diaconus
342 3188 374 3223 eu·
383 3176 469 3241 porte
478 3167 683 3241 purulentiam
697 3169 784 3237 dieat,
801 3166 969 3226 Flectamus
981 3189 1090 3246 genua3
1108 3173 1257 3246 refluum

60 3270 157 3323 pertua
166 3249 341 3322 peem'tentes.
385 3246 448 3316 Quo
459 3247 544 3320 facto
564 3247 643 3305 (licat
663 3250 814 3307 Diaconus
827 3269 861 3306 ex
873 3259 959 3325 parte
975 3250 1119 3327 Episcopi,
1134 3251 1255 3311 Levate.

61 3330 206 3387 »Similiter
237 3330 360 3385 secundo
397 3336 533 3403 repetente
560 3329 711 3405 Episcopo,
740 3330 860 3401 Venite,
890 3331 997 3400 venite,
1023 3340 1049 3389 et
1075 3333 1258 3408 subsequente

62 3412 202 3481 Diacono,
236 3410 403 3466 Flectamus
430 3428 533 3484 genua,
566 3418 600 3464 ut
627 3421 719 3468 antea.
765 3411 890 3480 Quando
913 3420 1010 3469 autem
1034 3414 1117 3471 tertio
1140 3435 1258 3472 annun-

63 3492 187 3561 tiaverit,
224 3491 341 3559 Venite,
378 3491 496 3560 venne,
538 3492 725 3564 prosequitur
759 3491 911 3548 Diucouus
946 3493 1051 3565 dicens,
1090 3494 1258 3553 Flectamus

61 3591 165 3648 genua,
187 3580 213 3628 et
235 3591 302 3627 neon
326 3591 391 3627 crem
411 3570 542 3627 Diacono
572 3581 709 3629 corruant
726 3571 898 3647 poenitentes
916 3573 1058 3649 adportes
1085 3576 1257 3650 Pontificis:

61 3654 156 3727 sieque
183 3652 326 3726 prostrati
344 3651 473 3725 jacerent,
495 3671 584 3725 usque
605 3653 676 3709 dum
696 3653 859 3728 Episcopus
878 3653 987 3710 innuat
1008 3655 1093 3712 alteri
1113 3656 1254 3728 Diacono,

63 3734 191 3790 Levate:
216 3742 402 3807 prosequente
429 3732 499 3788 clero
523 3732 730 3807 Antiphonem,
759 3733 877 3809 Venite,
907 3735 1014 3806 venite,
1043 3737 1152 3807 venite,
1182 3737 1256 3795 filii:

61 3815 161 3871 audite
175 3833 238 3882 me,
259 3814 393 3869 timorem
410 3813 531 3868 Domini
544 3813 651 3870 docebo
664 3833 725 3871 vos.

122 3894 266 3951 l'nrlnnrs.
310 3894 493 3949 Benedicam.

124 3976 275 4044 (lnarrediu
301 3995 365 4030 reru
392 3974 530 4030 Psalmus
556 3976 675 4032 crescitur
702 3997 722 4033 u
747 3976 819 4034 clero
840 3997 906 4033 cum
926 3977 1105 4053 Antiplronu,
1128 3978 1259 4050 Venite;

60 4077 170 4130 srnrper
190 4056 355 4112 rnunuutim
372 4055 541 4129 poenitentes
554 4076 573 4112 a
584 4056 744 4131 plebeianis
756 4058 926 4115 Presliteris
939 4059 1163 4131 Arcleidiaaono,
1178 4069 1205 4118 et
1221 4061 1257 4118 al)

60 4137 274 4194 Areln'dincono
295 4137 459 4195 reddantur
477 4135 628 4212 Episcopo,
650 4147 684 4195 ut
704 4139 740 4196 ab
760 4138 902 4214 Episcopo
922 4140 1115 4198 restituuntur
1140 4139 1258 4198 ecclam

58 4219 174 4294 premia.
220 4217 330 4274 Deinde
351 4225 488 4290 sequatur
508 4217 676 4293 Episcopus,
698 4227 724 4277 et
744 4228 892 4277 canantur
911 4219 1026 4278 Psalmi
1049 4220 1099 4278 rii.
1117 4222 1258 4298 poeniten·

59 4299 152 4368 tiales,
159 4298 316 4374 prostratis
326 4298 359 4354 in
370 4298 494 4355 oratorio
503 4299 716 4373 paenitentibus.
756 4299 993 4377 Quibusmpletis
1003 4302 1139 4363 dicutur:
1162 4301 1258 4380 Kyrie

58 4381 186 4456 eleyson.
229 4379 319 4437 Pater
332 4384 438 4437 noster.
482 4379 521 4435 Et
535 4398 573 4437 ne
586 4399 647 4438 nor.

100 4477 169 4518 von.
187 4478 219 4517 11.
638 4478 655 4517 z
