2910 4904
666 289 783 356 Prosoe.
1264 291 1327 354 ³13

130 461 196 531 Quo
205 462 269 537 jam
283 459 382 518 iutra*
396 458 507 536 palatia
520 462 632 515 stantes
646 475 783 532 suprema
799 455 861 514 laeti
874 455 1066 532 gratulemur,
1081 455 1182 532 adepti
1195 455 1329 532 polorum

208 561 299 617 regna
310 561 319 614 ;
345 541 442 634 puia†
474 545 534 613 tua,
557 537 680 608 Praesul,
704 537 841 596 sistentes
866 536 922 596 hac
944 537 1013 595 aula
1032 537 1195 614 jubilamus
1216 536 1331 620 ingenti
1443 606 1445 611 Ι

128 623 419 762 Recididleiaediild’a
431 721 512 759 nunc
525 701 659 775 celsaque
673 698 820 775 Alleluya.

643 883 812 943 LXXVII.

451 1004 500 1061 Dn
521 1020 636 1063 seuero
663 1003 768 1061 Pereo
788 1019 831 1060 an
852 1002 1008 1061 Vincuna.

211 1118 444 1175 Sonnnunrrare
458 1133 608 1174 numurus
622 1113 784 1193 apostolica
796 1114 851 1170 lux
864 1113 946 1172 adest
959 1112 1095 1191 gloriosa,

211 1199 277 1268 Qua
290 1197 394 1255 recolit
406 1197 481 1254 festa
495 1197 580 1254 Petri
594 1197 732 1267 Ecclesia,

212 1279 308 1355 Supra
321 1278 409 1335 fidem
422 1277 515 1353 ipsius
528 1278 678 1336 aedificeta

210 1359 403 1418 Providentia
415 1359 521 1434 utique
535 1359 636 1416 divina
649 1356 885 1434 contemptibilia

210 1439 416 1516 Ignobiliaque
430 1439 534 1496 mundi
548 1440 629 1516 legit,
644 1445 680 1496 ut
693 1438 827 1516 perderet
838 1437 934 1496 fortia

210 1521 301 1579 Unde
316 1521 439 1577 Petrum
453 1520 571 1577 vocavit
584 1527 689 1578 natum
704 1519 864 1576 Bethsaida

209 1601 231 1657 J
232 1621 307 1673 esus,
322 1602 393 1658 dum
407 1601 464 1657 iret
473 1602 564 1676 juxta
579 1601 708 1658 Galilaeae
722 1600 831 1659 littora.

211 1682 308 1752 Quam
322 1687 440 1759 accepta
454 1701 601 1758 quamque
614 1682 741 1758 gloriosa
755 1680 837 1738 fuere
850 1679 913 1736 haec
926 1679 1106 1737 commercia.

210 1762 236 1819 P
257 1788 272 1821 a
336 1763 458 1819 dimissa
470 1763 609 1819 navicula
622 1762 711 1819 datur
724 1761 752 1818 ei
765 1760 893 1837 regenda
908 1760 1039 1818 Ecclesia
1050 1779 1058 1833 ;

211 1843 328 1919 Quique
349 1843 442 1919 pisces
462 1843 600 1901 trahebat
621 1843 760 1901 demeris
780 1861 865 1919 aqua,
881 1842 944 1917 ipse
965 1841 1002 1900 de
1023 1840 1128 1898 mundi
1149 1844 1263 1897 tractus
1285 1845 1330 1896 est

291 1924 390 1996 unda3

211 2004 315 2081 thue
329 2005 402 2061 alios
414 2004 515 2061 trahat
531 2025 638 2081 magna
651 2005 709 2062 sibi
721 2024 740 2061 a
754 2003 874 2062 Christo
888 2003 977 2060 datur
989 2002 1087 2060 virtus
1100 2008 1131 2060 et
1143 2000 1248 2079 gratia.

211 2086 291 2142 Nam
305 2085 385 2157 etei,
399 2105 478 2142 cenae
492 2085 567 2142 mira
583 2086 701 2162 quando
714 2085 901 2142 celebrant-ur
913 2084 1076 2156 sollemnia,

210 2166 272 2223 Pro
286 2186 384 2223 amore
398 2186 457 2242 quo
470 2166 603 2223 fervebat
616 2167 784 2223 animarum
794 2164 955 2223 traduntur
967 2165 1066 2222 ovilia.

210 2247 280 2323 Ipse
293 2246 430 2305 claudum
444 2248 496 2323 qui
511 2248 629 2322 jacebat
643 2247 680 2304 ad
700 2253 817 2323 portam
837 2245 942 2322 templi
962 2245 1065 2303 divina
1078 2245 1191 2302 virtute
1211 2243 1331 2302 functus

290 2328 403 2385 elevat:

211 2409 289 2477 Quia
301 2408 515 2465 claudicantem
528 2409 612 2485 prius
624 2409 646 2465 J
647 2407 762 2472 udaeam
775 2427 853 2464 nova
866 2406 935 2464 fidei
948 2407 1044 2464 virtus
1057 2407 1192 2464 levatura
1205 2412 1277 2478 erat,

210 2489 309 2563 Ipsius
321 2490 434 2546 virtute
448 2490 582 2547 miranda
595 2490 699 2546 alitrix
712 2507 872 2564 egenorum
885 2493 986 2545 sancta

211 2570 284 2639 Quae
297 2570 361 2626 vita
374 2571 470 2627 caruit
484 2571 647 2628 resurrexit
660 2570 794 2627 Tabitha.

209 2651 333 2708 Visione
348 2651 405 2707 sibi
418 2657 535 2708 ostensa
548 2651 715 2708 centurioni
728 2650 856 2726 gloriosa

210 2731 295 2788 Fidei
308 2731 443 2788 minister
455 2732 625 2807 propinavit
637 2731 748 2808 pocula.

209 2811 312 2887 Hujus
325 2813 456 2870 oratione
469 2812 574 2869 devota

210 2891 319 2949 Sancta
332 2899 504 2969 protegatur
517 2893 656 2964 Ecclesia,

210 2973 381 3031 Laudatura
394 2974 493 3031 Deum
507 2994 575 3032 cum
585 2974 694 3031 sanctie
707 2973 740 3030 in
754 2980 907 3031 aeternum.

643 3157 797 3216 LXVIII.

583 3271 683 3328 Isara
702 3271 878 3347 secuuoass

126 3383 195 3452 nm,
211 3397 302 3452 musa,
317 3398 369 3439 me
383 3400 481 3457 quaeso
494 3381 633 3458 praeclara
646 3382 759 3455 chorea,

126 3461 348 3538 Blandificaque
361 3462 456 3520 libens
469 3468 618 3538 perstrepe
632 3481 748 3538 organa.

125 3541 184 3599 Ast
198 3543 353 3599 modulans
367 3544 441 3600 tibia
456 3543 578 3600 resultet
591 3543 704 3618 plectro
717 3543 841 3601 laudum
854 3543 924 3601 laeta
936 3541 1076 3615 carmInrr,

127 3623 298 3697 Nostraque
311 3629 430 3681 caterva
443 3624 531 3698 hujus
545 3624 604 3680 diei
618 3623 764 3700 euprepia.

125 3702 269 3761 Paracliti
283 3702 427 3761 charisma
440 3704 494 3761 hac
508 3704 555 3762 die
569 3704 723 3780 §alumnos
737 3703 851 3762 Christi
864 3703 969 3781 plene§
987 3703 1099 3776 intrat;

125 3783 218 3842 Facto
232 3792 354 3859 repente
367 3803 447 3856 sono,
462 3785 571 3859 linguis
585 3784 699 3843 Christi
711 3785 815 3841 fantur
828 3785 983 3861 magnalia.

125 3864 245 3922 Vesano
260 3864 346 3940 plena
359 3871 441 3922 metu
455 3865 577 3941 perfidia
589 3872 688 3923 musto
702 3866 837 3924 alumnos
851 3866 969 3924 madere
981 3870 1077 3943 putat,
1089 3864 1219 3942 Spiritus
1231 3864 1328 3940 gratia

206 3946 343 4003 ardentes
357 3966 430 4022 quos
443 3946 541 4003 reddit
553 3946 674 4004 fervida.

123 4026 281 4084 Anastasis
304 4034 423 4103 peracta
444 4027 653 4104 quinquagena
676 4028 819 4103 mysticus
842 4027 994 4104 penetratu
1021 4026 1150 4104 Spiritus
1173 4032 1325 4102 pectorum

206 4108 322 4179 intima,
338 4108 445 4184 oppido
459 4108 583 4165 reddens
596 4109 789 4167 flammantia.

125 4189 201 4246 Mox
210 4189 320 4266 egressi
329 4208 430 4246 omnes
440 4189 526 4245 domo
540 4194 618 4246 tetra
628 4197 787 4266 peragrant
797 4208 878 4260 arva,
890 4188 1089 4247 diffundentes
1097 4187 1195 4246 Verbi
1203 4188 1326 4262 semina,

390 4318 405 4343 θ
415 4315 513 4361 MS.—“
521 4315 575 4368 Quo
585 4329 641 4361 nam
651 4316 765 4361 Intrent!
829 4317 843 4377 †
858 4315 989 4362 Sarum-‘⁴
998 4315 1063 4374 qui.”

348 4376 361 4435 ss
377 4375 408 4419 In
421 4376 461 4420 the
475 4375 562 4420 Sarum
576 4375 660 4420 MIssal
670 4375 764 4421 “Faria
777 4375 848 4422 tertie
860 4379 917 4435 post
927 4374 1106 4421 Pentecosten.”

274 4432 532 4493 §Mb-“alumnum
542 4433 633 4480 Christi
642 4435 731 4494 paenel'
923 4435 932 4495 ΙΙ
948 4433 1175 4493 MS.-pcnetraret
