2910 4904
502 293 504 295 .
562 327 657 391 Festo
678 324 882 412 Septembris.
1260 331 1322 393 105

186 493 259 550 Atio
274 492 375 550 Oratio
389 494 440 550 aab
455 494 553 550 credent
566 493 750 552 conclusione.

188 574 312 644 Praesta,
326 594 500 650 quaesumus,
517 575 654 647 Domine,
668 575 803 649 precibus
824 575 932 631 nostris
954 594 1021 630 cum
1042 574 1239 632 exsultatione
1259 595 1324 650 pro⁴

126 662 259 727 ventum,
281 661 317 711 ut
341 675 465 731 quorum
488 655 565 712 diem
587 655 729 731 passionis
749 675 848 712 annua
869 656 1024 712 devotione
1048 657 1210 726 recolimus,
1232 657 1322 713 etiam

125 736 196 795 fidei
209 738 376 793 constantia
390 737 610 812 subsequamur.
647 736 705 793 Per
718 737 881 793 Dominum
895 742 1028 793 nostrum
1042 736 1064 793 J
1065 756 1146 793 esum
1161 736 1321 796 Christum.

188 817 330 892 Epistol.
373 817 529 874 Justorum
543 819 655 874 animae.

190 897 324 954 Grodole.
367 897 506 968 Vindice,
521 898 656 955 Domine.

187 978 337 1054 Alleluya.
387 979 415 1036 V.
439 978 541 1035 Sancti
553 980 600 1035 tui
614 979 749 1035 Domine.

188 1059 389 1133 Eoonpeliuni.
432 1059 507 1116 Cum
521 1060 673 1117 audieritis
686 1059 795 1135 praelia.

190 1139 381 1214 Offertoriooe.
424 1141 633 1198 Exsultabunt.

188 1223 310 1278 ›Secrotca

188 1301 312 1371 Praesta,
327 1321 501 1377 quaesumuS,
515 1302 643 1359 Domine
665 1303 746 1359 Deus
767 1307 876 1373 noster,
890 1307 924 1359 ut
945 1302 1021 1358 sicut
1042 1302 1075 1358 in
1096 1308 1252 1379 conspectu
1269 1307 1323 1358 tuo

127 1402 206 1439 mors
220 1389 266 1439 est
279 1383 407 1458 pretiosa
420 1390 596 1455 sanctorum,
610 1384 654 1440 ita
668 1403 768 1439 eorum
782 1384 889 1440 merita
908 1384 1113 1440 venerantium
1134 1391 1253 1458 accepta
1266 1383 1323 1439 tibi

127 1463 269 1520 reddatur
282 1464 398 1520 oblatio.
442 1464 500 1521 Per
514 1464 676 1520 Dominum
690 1471 825 1521 nostrum
839 1465 860 1521 J
862 1484 944 1521 esurn
958 1464 1116 1521 Christum.

187 1543 260 1600 Alio
272 1543 385 1601 Secreto
398 1546 449 1602 sab
464 1546 561 1602 codem
576 1545 760 1602 conclusione.

188 1624 271 1681 Vota
284 1625 386 1701 populi
405 1627 459 1696 tui,
475 1627 612 1698 Domine,
627 1627 803 1702 propitiatus
824 1626 953 1697 intende,
968 1631 998 1682 et
1012 1645 1137 1700 quornm
1150 1645 1203 1682 nos
1216 1625 1323 1682 tribuis

128 1706 282 1763 sollemnia
295 1707 447 1778 celebrare,
462 1706 508 1763 fac
521 1709 648 1783 gaudere
661 1707 814 1784 suffragiis.

190 1787 372 1845 Communia
417 1788 591 1845 Posuerunt.

189 1868 431 1926 Postcommaaio.

190 1948 360 2007 Sanctificet
383 1969 445 2021 nos,
471 1949 607 2022 Domine,
636 1969 811 2026 quaesumus,
838 1950 884 2006 tui
911 1949 1058 2025 perceptio
1086 1947 1269 2019 sacramenti,
1295 1952 1326 2005 et

130 2029 336 2087 intercessione
350 2031 443 2087 beatae
457 2032 596 2105 martyris
609 2037 669 2087 tuae
683 2030 827 2086 Eufemiae
841 2031 898 2087 tibi
912 2030 1014 2087 reddat
1028 2038 1168 2106 acceptos.

189 2110 261 2166 Alio
276 2111 378 2168 Oratio
392 2112 444 2168 sub
458 2113 556 2168 eudem
570 2112 755 2169 conclusione.

190 2191 318 2262 Exaudi,
333 2192 468 2263 Domine,
483 2212 582 2268 preces
595 2199 718 2261 nostras,
734 2199 768 2248 ut
789 2199 956 2249 sanctorum
976 2212 1101 2268 quorum
1119 2191 1194 2247 festa
1215 2190 1327 2248 sollem-

130 2271 207 2329 niter
220 2273 408 2344 celebramus,
425 2274 572 2330 continuis
585 2275 738 2331 foveamur
751 2274 878 2331 auxiliis.
921 2273 979 2329 Per
993 2272 1163 2329 Dominum.

258 2501 370 2559 Sascrr
392 2501 560 2573 Larissam,
583 2519 716 2559 arrscorr
738 2520 776 2559 ur
797 2519 956 2559 nonnanis.
1000 2502 1061 2581 (xv.
1079 2502 1148 2559 Kal.
1166 2500 1244 2578 Oct.)

191 2650 331 2725 officiata.
373 2651 395 2708 J
396 2657 481 2708 ustus
494 2656 529 2707 ut
542 2650 648 2727 palma.

191 2732 299 2789 Oratio.
343 2732 464 2801 Praesta,
480 2752 654 2808 quaesumus.

190 2813 331 2887 Epistola.
375 2813 396 2869 J
398 2819 482 2870 ustus
496 2813 521 2869 si
535 2820 637 2870 morte.

134 2908 135 2911 ’
192 2892 326 2950 Groclale.
371 2894 507 2963 Domine,
522 2894 699 2968 praevenisti.

191 2974 338 3050 Alleluya.
388 2974 416 3031 V.
441 2974 543 3031 Gloria
556 2981 586 3032 et
599 2975 716 3032 honore.

191 3054 389 3130 Eooapelium.
432 3055 598 3113 Seoueriane
613 3056 792 3113 illottlneurn.
837 3056 869 3113 Si
884 3057 949 3132 quis
962 3057 1029 3113 vult
1043 3062 1109 3132 post
1122 3075 1170 3113 me
1183 3054 1291 3112 venire.

193 3134 384 3208 offortorium.
427 3136 563 3193 Posuisti.

194 3214 371 3274 Coramuaio.
414 3216 525 3293 Magna
539 3223 590 3274 est.

249 3429 289 3486 Is
309 3428 440 3486 Violnra
460 3446 564 3487 saucrr
586 3430 750 3498 Mammea
772 3449 915 3491 Arosroni
936 3451 973 3490 nr
993 3451 1213 3494 mrsnenarsrn.

604 3525 667 3587 (xii.
684 3529 753 3587 Kal.
770 3529 850 3600 Oct.)

197 3630 331 3704 Officiorn.
374 3633 437 3709 Ego
451 3639 558 3690 autem.

197 3711 301 3770 Oratio.

196 3790 238 3849 Da
251 3794 345 3865 nobis,
360 3814 534 3870 quaesumus,
549 3797 733 3872 omnipotens
748 3798 837 3868 Deua,
851 3804 885 3854 ut
899 3799 979 3855 beati
992 3799 1129 3857 Mattbaei
1143 3800 1267 3876 apostoli
1281 3800 1327 3857 tui

154 3873 175 3921 tl
184 3874 369 3950 evangelistae,
385 3894 474 3950 quam
492 3879 694 3952 praevenimus
710 3879 879 3936 veneranda
893 3880 1080 3951 sollemnitas,
1096 3888 1125 3937 ct
1140 3881 1327 3939 devotionem

154 3950 217 4008 nobis
228 3961 334 4031 augeat
348 3962 379 4012 et
394 3956 527 4013 salutem.
571 3957 635 4014 Per.

197 4033 331 4109 Epistola.
375 4037 485 4094 Beatus
498 4038 585 4094 homo
599 4040 650 4114 qui
664 4039 780 4097 invenit
793 4041 976 4116 sapientiam.

199 4112 326 4175 Crudele.
370 4118 475 4175 Justus
491 4125 524 4174 ut
538 4119 642 4193 palma.

197 4193 226 4251 Si
238 4197 395 4254 Dominicis
407 4199 454 4269 sit,
470 4199 617 4274 Alleluya.
667 4201 695 4259 V.
718 4202 739 4259 J
741 4207 825 4260 ustus
838 4223 899 4259 non
913 4203 1145 4261 conturbabitur.

197 4274 357 4336 Secundam
372 4279 484 4336 Lacum
497 4281 540 4351 (o.
558 4280 678 4356 27-32).

155 4443 186 4501 pae
198 4353 238 4496 Ipe
249 4359 301 4495 ipio
321 4366 463 4436 tempore,
478 4361 565 4419 Vidit
579 4363 600 4420 J
603 4382 667 4420 esus
681 4364 870 4440 publicanum
883 4385 973 4440 usqae
986 4367 1026 4423 orl
1047 4366 1097 4422 sed
1110 4371 1275 4442 peccatores
1289 4366 1326 4425 ad

187 4452 212 4491 ιιι
239 4459 259 4495 n
273 4460 341 4498 ram.
