2910 4904
375 336 424 400 In
446 335 539 400 Festo·
555 332 698 398 'Corona
719 331 870 397 Domini.

225 503 388 582 Sequentia.

364 600 397 658 Si
410 599 455 656 vis
469 617 536 655 vere
551 598 671 676 gloriari

405 680 446 736 Et
459 701 477 736 a
491 680 555 736 Deo
569 678 703 736 coronari

444 761 568 817 Honore
582 766 612 816 et
625 760 736 836 gloria3

364 843 453 899 Hanc
468 861 603 899 coronam
619 840 752 896 venerari

405 922 529 980 Studeas
543 928 632 997 atque
647 921 752 978 sectari

444 1003 598 1060 Portantis
612 1002 744 1078 vestigia,

364 1098 454 1155 Hanc
468 1096 605 1153 caelorum
619 1115 672 1152 rex
687 1094 828 1171 portavit,

404 1177 575 1234 Honoravit
589 1183 619 1234 et
634 1175 761 1233 sacravit

446 1258 534 1316 Sacro
548 1277 600 1313 suo
615 1257 729 1332 capite3

364 1340 403 1397 In
417 1339 471 1396 hac
485 1339 568 1414 galea
581 1338 735 1414 pugnavit,

406 1420 482 1477 Cum
497 1420 654 1494 antiquum
667 1418 781 1476 hostem
794 1416 909 1491 stravit,

445 1501 644 1576 Triumphans
657 1499 690 1556 in
704 1499 812 1576 stipite.

365 1595 439 1651 Haec
453 1593 613 1670 pugnantis
626 1591 717 1669 galea,

405 1674 628 1751 Triumphantis
642 1674 751 1744 laurea,

446 1756 534 1812 Tiara
547 1755 693 1830 pontificis
704 1775 714 1827 3

367 1837 503 1894 Primum
516 1836 575 1892 fuit
588 1835 699 1912 spinea,

407 1917 600 1974 Postmodum
614 1917 650 1972 fit
663 1935 752 1974 aurea

445 1998 538 2055 Tacta
553 1997 648 2054 sancti
661 1997 788 2054 verticis.

366 2092 525 2168 Spinarum
538 2090 653 2148 aculeos

405 2172 514 2229 Virtus
527 2172 597 2229 fecit
611 2191 714 2229 aureos

447 2252 558 2310 Christi
571 2252 715 2329 passionis
724 2272 735 2324 3

367 2335 439 2404 Quae
454 2333 579 2410 peccatis
593 2334 718 2409 spineus,

406 2414 515 2472 Mortis
529 2424 647 2471 aeternae
661 2433 735 2485 reos,

447 2495 634 2571 Adimplevit
648 2495 741 2554 bonis.

365 2582 412 2640 De
426 2581 511 2638 malis
524 2581 680 2656 colligitur,

406 2663 447 2719 Et
461 2663 498 2720 de
511 2662 603 2738 spinis
616 2661 760 2738 plectitur

447 2744 555 2820 Spinea
568 2743 711 2819 perversis
720 2763 729 2814 3

366 2824 422 2882 Sed
438 2826 589 2881 inanium
604 2824 741 2894 vertitur,

407 2905 532 2974 Quando
546 2905 632 2980 culpa
645 2905 762 2961 tollitur

446 2986 565 3043 Eisdem
580 2986 733 3043 conversis.

366 3072 388 3131 J
388 3071 503 3130 ocunda
515 3072 655 3147 mysteria

407 3153 486 3210 Sunt
499 3153 568 3224 haec,
584 3152 636 3209 sed
649 3152 773 3209 materia

447 3232 605 3291 Praesentis
619 3233 749 3306 laetitiae3

366 3314 463 3373 Nobis
477 3322 521 3371 est
535 3314 666 3384 historia,

407 3397 474 3466 Qua
486 3401 623 3472 patenter
638 3394 764 3452 Francia

447 3477 613 3534 Coronatur
626 3476 720 3534 hodie.

367 3563 468 3638 Hujus
482 3564 631 3619 coronatio

407 3643 527 3701 Coronae
541 3642 696 3718 susceptio,

447 3725 539 3800 Cujus
552 3725 659 3781 festum
672 3723 805 3800 agimus3

367 3803 477 3862 Debito
491 3824 556 3861 cum
571 3804 677 3880 gaudio

407 3886 448 3942 Et
461 3886 662 3942 anniversario

447 3967 571 4023 Honore
584 3966 746 4024 recolimus.

367 4053 515 4112 Thesauro
528 4061 589 4112 tam
603 4053 704 4126 nobili,

407 4135 480 4192 Tam
495 4133 680 4192 desiderabili

445 4215 538 4274 Dives
553 4236 583 4274 es
597 4216 719 4289 effecta;

364 4298 455 4355 Terra
468 4317 569 4354 carens
583 4296 682 4365 simili,

405 4378 515 4436 Carens
529 4377 729 4453 comparabili,

446 4458 511 4518 Deo
526 4458 702 4536 praedilecta.
