2910 4904
374 332 423 396 Ia
437 332 559 398 Natali
575 333 811 418 plurimorum
828 295 1066 420 Ooafessorara.
1252 337 1314 398 153

186 499 307 557 Secreta.
1241 547 1242 550 η

187 580 363 656 Propitiare,
388 579 524 653 Domine,
548 599 721 656 quaesumus,
745 581 1008 658 supplicationibus
1029 581 1148 653 nostrie.
1171 586 1201 638 et
1228 581 1317 638 inter-

129 661 268 718 veniente
281 680 334 736 pro
355 660 441 717 nobis
463 667 564 718 sancto
586 662 625 718 N.
641 662 802 719 confessore
815 668 877 734 tuo,
892 663 938 720 his
952 663 1140 720 sacramentis
1154 661 1316 719 caelestibus

125 742 286 799 servientes
300 742 337 798 ab
351 742 431 797 omni
445 741 531 816 culpa
549 742 655 798 liberos
669 762 730 799 esse
746 743 887 814 concede3
908 749 942 800 ut
964 743 1138 820 purificante
1151 762 1203 799 nos
1217 742 1312 819 gratia

127 829 181 880 tua
194 823 299 879 iisdem
310 822 416 897 quibus
429 822 606 878 famulamur
619 824 767 898 mysteriis
780 824 980 883 emundemur.
1024 823 1082 880 Per
1096 823 1264 880 Dominum.

188 901 377 960 Communia.
413 902 523 959 Beatus
536 923 644 960 servus.

189 982 367 1042 Communia.
411 983 520 1040 Fidelis
535 1003 644 1041 servus.

187 1064 429 1123 Posteommaaia

188 1143 235 1201 Ut
248 1145 341 1217 nobis,
356 1144 491 1212 Domine,
507 1150 560 1200 tua
579 1145 720 1202 sacrificia
740 1145 812 1202 dent
825 1146 950 1202 salutem
959 1165 967 1216 ;
989 1147 1092 1203 beatus
1113 1147 1153 1203 N.
1169 1146 1315 1203 confessor

127 1232 206 1296 tuus,
221 1244 397 1301 quaesumus,
413 1232 546 1301 precator
559 1226 682 1285 accedat.
725 1226 784 1283 Per
798 1227 967 1284 Dominum.

493 1429 532 1485 In
549 1429 672 1485 Narem
693 1446 786 1487 uiuus
811 1430 956 1487 Assarrs.

190 1539 329 1614 Officium.
374 1539 415 1596 Os
421 1539 504 1614 justi.

189 1619 298 1690 Oratia

186 1700 363 1758 Intercessio
377 1720 438 1772 nos,
454 1719 627 1776 quaesumus,
644 1700 778 1771 Domine,
794 1701 875 1757 beati
889 1700 927 1758 N.
943 1701 1057 1757 abbatis
1070 1699 1314 1771 tuicommendet‚

125 1789 161 1840 ut
174 1783 254 1858 quod
267 1782 375 1838 nostris
394 1782 507 1838 meritis
520 1801 581 1838 non
594 1781 733 1854 valemus,
749 1783 812 1857 ejus
825 1782 987 1858 patrocinio
1001 1801 1196 1857 assequamur.
1248 1780 1313 1837 Per.

188 1862 309 1920 Secreta.

186 1944 283 2001 Sacris
309 1943 460 2015 altaribus,
485 1943 620 2015 Domine,
649 1943 759 2000 hostias
786 1944 984 2019 superpositas
1008 1950 1125 2000 sanctus
1152 1942 1192 1999 N.
1218 1942 1315 2014 abbas,

128 2045 304 2100 quaesumus,
327 2025 359 2080 in
374 2025 498 2081 salutem
511 2025 595 2080 nobis
610 2025 765 2101 provenire
779 2025 921 2100 deposeat.
966 2025 1031 2082 Per.

188 2106 434 2163 Poateommaaio.

189 2186 330 2262 Protegat
344 2205 405 2256 nos,
429 2206 602 2262 quaesumus,
627 2187 762 2257 Domine,
784 2206 851 2243 cum
872 2188 919 2242 tui
939 2186 1124 2262 perceptione
1145 2185 1319 2242 sacramenti

127 2268 230 2325 beatus
244 2266 282 2326 N.
297 2267 386 2323 abbas
399 2287 452 2341 pro
465 2267 550 2323 nobis
563 2267 777 2338 intercedendo,
793 2273 828 2322 ut
843 2273 873 2323 et
886 2267 1114 2324 conversationis
1128 2268 1152 2341 ej
1160 2285 1193 2322 us
1207 2266 1318 2342 experi-

129 2368 211 2406 amur
224 2348 353 2423 insignia
363 2354 393 2404 et
406 2348 620 2404 intercessionis
634 2348 697 2422 ejus
707 2348 900 2423 percipiamus
910 2349 1056 2423 suffragia.
1079 2347 1136 2404 Per
1147 2347 1316 2404 Dominum.

392 2553 432 2608 IN
452 2553 574 2609 NATALI
595 2570 798 2611 PLURIMORUM
820 2553 1051 2611 CONFESSORUM.

191 2675 330 2749 Officium.
373 2675 542 2732 Sacerdotes
556 2675 621 2732 Dei.

191 2755 300 2813 Oratio.

189 2837 281 2907 Deua,
298 2838 414 2912 quinos
428 2843 595 2893 sanctorum
610 2837 805 2894 confessorum
819 2842 939 2892 tuorum
949 2835 989 2895 N.
1002 2843 1032 2894 et
1043 2836 1081 2894 N.
1092 2836 1320 2894 confessionibus

133 2917 263 2993 gloriosis
278 2919 438 2975 circumdas
452 2924 482 2974 et
495 2919 642 2993 protegis3
663 2919 700 2974 da
717 2918 801 2974 nobis
819 2923 850 2973 et
871 2937 971 2974 eorum
989 2917 1155 2974 imitatione
1172 2917 1319 2993 proficere,

133 3005 160 3055 et
173 2999 382 3055 intercessione
395 2998 526 3074 gaudere.
570 2999 628 3055 Per
641 2999 804 3056 Dominum
817 3005 958 3056 nostrum.

188 3079 240 3135 Ad
253 3079 388 3136 Hebraea
401 3079 466 3156 (aii.
483 3076 605 3152 23-27).

190 3159 327 3216 Fratres:
349 3160 453 3216 Plures
466 3159 537 3215 facti
551 3166 622 3216 sunt
635 3161 797 3217 sacerdotes
810 3161 970 3218 secundum
984 3162 1076 3236 legem
1090 3178 1181 3234 usqae
1193 3160 1234 3216 ad
1254 3159 1321 3216 Hoc

132 3241 209 3297 enim
224 3241 294 3297 fecit
307 3241 397 3297 semel
410 3260 440 3297 se
455 3240 602 3306 offerendo
616 3241 761 3298 Dominus
775 3248 875 3298 noster
887 3242 909 3298 J
911 3261 976 3298 esus
990 3243 1132 3299 Christus.

190 3321 331 3394 Epistola.
374 3321 419 3376 Hi
442 3326 513 3378 sunt
536 3322 594 3377 viri
618 3322 829 3395 misericordia,
852 3343 946 3396 quare
966 3323 999 3379 ia
1020 3323 1103 3380 Festo
1121 3322 1320 3397 plurimorum

132 3411 305 3475 martyram.

189 3482 285 3539 Lectio
295 3481 367 3539 libri
379 3482 536 3558 Sapientiae
549 3482 677 3559 (Nactae.
695 3483 725 3539 ii.
744 3483 857 3560 18-21).

193 3563 253 3632 Qui
276 3564 384 3620 timent
408 3564 515 3636 Deum,
538 3583 598 3619 non
623 3558 710 3621 erunt
731 3564 917 3621 incredibiles
938 3585 1027 3638 aeque
1049 3564 1090 3621 ad
1111 3564 1321 3639 inspectionem

131 3643 219 3700 illius.

193 3724 327 3783 Gradaie.
370 3724 539 3784 Sacerdotes
553 3727 624 3802 ejus.

192 3805 341 3882 Alleluya.
389 3806 419 3865 V.
443 3806 582 3882 Disposui
596 3812 814 3864 testamentum.

192 3887 341 3963 Alleluya.
389 3887 417 3945 V.
441 3887 609 3964 Fulgebunt
624 3888 706 3964 justi.
911 3947 917 3959 ,

192 3966 354 4041 Sequentia.
397 3968 505 4024 Mundi
519 3976 613 4040 aetate,
628 3979 662 4025 at
675 3970 709 4025 ia
724 3967 886 4028 donimani.

193 4048 360 4106 Secundam
373 4049 485 4107 micam
498 4050 566 4123 (aii.
584 4049 698 4127 35-40).

194 4129 233 4184 In
246 4130 298 4186 illo
311 4136 451 4206 tempore,
467 4132 555 4189 Dixit
572 4132 594 4188 J
596 4150 660 4187 esus
678 4129 828 4205 discipulis
845 4129 925 4200 suis3
947 4128 1014 4185 Sint
1032 4128 1126 4184 lumbi
1138 4127 1231 4183 vestri
1250 4147 1321 4202 prae-

135 4210 221 4269 cincti
235 4231 325 4285 usqae
339 4213 378 4268 ad
392 4212 461 4286 quia
474 4232 532 4287 qua
545 4212 617 4268 hora
630 4230 690 4267 non
704 4211 825 4285 putatis,
841 4209 935 4266 Filius
950 4210 1088 4266 Hominis
1102 4209 1208 4264 veniet.

194 4289 360 4348 Secundam
373 4292 548 4350 Matthoeara
562 4293 603 4369 (a
623 4291 734 4368 14-16).

193 4371 231 4428 In
244 4373 297 4429 illo
311 4378 449 4448 tempore,
464 4373 553 4430 Dixit
565 4374 587 4430 J
589 4392 653 4430 esus
667 4371 817 4446 discipulis
831 4372 909 4443 suis;
930 4371 994 4428 Vos
1010 4370 1079 4427 estis
1099 4368 1152 4427 lux
1172 4389 1261 4444 aeque
1282 4370 1323 4426 ad

139 4455 187 4528 qui
200 4453 232 4509 in'
246 4454 325 4511 caelis
338 4459 389 4511 est.
