2910 4904
169 387 215 428 xx
693 362 836 448 Prasooa.

169 531 205 588 de
218 550 253 588 eo
262 535 393 602 canetur,
404 536 457 587 aut
467 550 532 606 quae
543 531 605 606 ejus
615 529 719 605 hymni
729 549 800 587 vera
810 529 964 587 sententia.
992 527 1121 586 Proinde
1131 545 1192 598 vos,
1204 523 1365 600 Anglicani

168 617 367 689 praeceptores,
382 612 415 667 in
438 611 542 688 primis
565 610 653 668 laudo
680 610 732 686 qui
756 630 816 667 non
829 611 878 668 sic
902 611 1004 668 literas
1028 609 1135 680 colitis„
1157 613 1193 664 ut
1214 604 1366 680 religionis

168 692 401 764 obliviscamini3
415 711 473 767 quo
487 692 563 749 circa
576 697 611 748 ut
624 691 730 748 vestris
743 692 848 748 studiis
862 691 997 766 opituler,
1013 690 1050 746 ad
1064 689 1243 764 hymnorum
1253 684 1366 760 exposi-

168 773 280 831 tionem
305 793 366 829 non
389 773 466 829 nihil
493 773 625 830 cultioris
652 773 814 830 literaturae
841 773 966 846 adjicere
993 770 1142 828 constitui.
1195 767 1303 825 Valete
1328 784 1366 822 ex

168 853 283 911 officina
306 859 408 910 nostra
432 853 629 911 Parrhisiensi
656 853 694 910 ad
723 853 848 911 decimas
876 852 1018 910 kalendas
1044 851 1179 920 Martias,
1206 866 1284 906 anno
1311 865 1365 922 pro

169 935 281 992 calculo
294 935 430 992 Romano
445 934 652 993 MOOOOOH.

230 1110 394 1197 Oolophon
408 1111 458 1176 for
472 1113 529 1176 the
545 1119 565 1148 “
575 1111 743 1197 Expositio
758 1111 966 1197 Hymnorum
975 1111 996 1139 ''
1009 1134 1062 1174 :—

229 1251 332 1309 Habes
345 1253 437 1310 lector
450 1252 671 1328 explanationes
685 1251 862 1326 hymnorum
877 1250 1033 1326 diligenter
1047 1250 1203 1325 castigatas
1214 1252 1244 1304 et
1254 1251 1363 1304 auctas.

169 1331 329 1407 Impressas
353 1333 532 1409 Rothomagi
551 1352 604 1409 per
628 1332 806 1408 Magistrum
830 1331 954 1388 Petrum
977 1330 1097 1387 Violete
1117 1329 1218 1387 eadem
1237 1328 1270 1385 in
1292 1327 1365 1383 urbe

169 1419 404 1471 commorantem.
433 1414 581 1489 Impensis
592 1412 911 1484 Guera1·diWansfort,
922 1411 1088 1487 bibliopolae
1099 1411 1132 1467 in
1142 1409 1263 1467 civitate
1274 1407 1363 1464 Ebor.

169 1513 281 1551 moram
294 1495 429 1569 gerentis.
472 1499 564 1551 Anno
583 1493 706 1551 Domini
727 1492 975 1565 MOOOOOVII,
992 1491 1180 1568 quindecima
1199 1490 1247 1546 die
1267 1489 1288 1547 J
1290 1488 1362 1545 unii.

171 1574 234 1632 Deo
248 1575 308 1632 sint
321 1576 431 1652 gratiae.
474 1575 581 1633 Amen.

229 1746 314 1811 Title
328 1753 362 1811 to
376 1747 432 1810 the
449 1753 468 1781 “
478 1746 646 1832 Expositio
661 1746 910 1831 Sequentiarum
920 1746 939 1775 ''
952 1769 1005 1810 :—

230 1862 385 1966 Expositio
399 1889 626 1964 sequentiarum
639 1889 732 1946 totius
746 1888 817 1945 anni
831 1888 988 1965 diligenter
1000 1887 1151 1964 recognita
1164 1892 1195 1943 et
1208 1890 1302 1944 aucta.

228 2012 250 2069 J
252 2012 358 2069 odocus
373 2012 484 2068 Badius
500 2011 661 2068 Ascensius
681 2012 818 2068 studiosae
839 2018 869 2069 et
890 2031 1005 2069 morum
1025 2011 1216 2069 honestorum
1230 2015 1260 2067 et
1273 2009 1367 2066 litter·
1426 2062 1432 2069 .

288 2112 373 2149 arum
386 2098 554 2149 sanctarum
567 2093 740 2168 Anglicanac
754 2093 826 2167 pubi
839 2093 971 2150 salutem.

229 2214 340 2286 Laudo,
363 2215 560 2272 adolescentes
581 2215 694 2290 optimi,
715 2215 804 2273 laudo
823 2216 997 2272 institutum
1017 2221 1150 2272 vestrum
1170 2215 1222 2290 qui
1238 2214 1366 2270 libenter

169 2301 283 2354 sanctas
303 2296 402 2370 legitis
416 2301 446 2352 et
460 2295 572 2353 discitis
586 2296 708 2352 litteras.
750 2296 830 2352 Nam
844 2297 870 2353 si
882 2297 966 2353 vobis
986 2297 1102 2353 animus
1116 2302 1168 2365 est,
1183 2300 1218 2352 ut
1231 2294 1366 2371 pluribus

169 2382 301 2432 vestrum
322 2395 383 2433 esse
405 2376 501 2448 debet,
515 2396 567 2433 vos
581 2397 648 2433 cum
668 2377 843 2434 maturiores
866 2377 982 2434 fueritis
1004 2377 1114 2434 divinis
1135 2377 1237 2433 officiis
1259 2375 1366 2431 manci-

167 2476 245 2533 pare,
267 2457 409 2528 addicere,
430 2458 537 2528 dicare,
558 2477 624 2533 quae
640 2457 744 2514 utilior
763 2458 803 2514 sit
823 2458 907 2515 vobis
926 2457 1013 2515 lectio
1034 2478 1124 2533 quam
1137 2477 1196 2533 qua
1209 2457 1240 2512 id
1253 2455 1366 2512 discitis

169 2539 248 2613 quod
271 2539 405 2595 futurum
430 2546 475 2596 est
502 2539 588 2611 usui3
619 2558 740 2614 eamque
767 2539 919 2614 acquiritis
943 2538 1096 2596 scientiam
1123 2538 1156 2594 in
1178 2537 1274 2607 terris,
1300 2556 1366 2613 quae

168 2620 320 2676 vobiscum
331 2619 379 2698 (ut
388 2619 475 2676 dirus
485 2620 688 2695 Hieronymus
702 2619 813 2697 inquit)
825 2639 964 2676 mansura
974 2625 1018 2676 est
1028 2620 1061 2675 in
1072 2619 1169 2677 caelisl
1202 2617 1366 2675 Pulchrum

169 2707 221 2771 est,
244 2700 441 2757 adolescentes
461 2700 594 2772 studiosi,
610 2700 765 2776 pulchrum
788 2706 832 2757 est
854 2706 885 2757 et
906 2707 1040 2757 sanctum
1057 2720 1075 2756 a
1089 2701 1199 2757 teneris
1214 2700 1261 2776 (ut
1273 2717 1366 2775 graece

169 2781 286 2855 dicunt)
321 2781 490 2856 unguiculis
527 2781 638 2837 divinis
678 2779 815 2837 laudibus
855 2781 1023 2838 incumbere
1063 2781 1158 2856 iisque
1191 2798 1363 2837 assuescere.

170 2861 322 2936 Siquidem
342 2861 394 2935 qui
414 2860 604 2933 olocaustum,
622 2861 677 2931 ia,
692 2867 790 2917 totum
811 2862 965 2918 incensum
985 2867 1074 2936 atque
1088 2866 1177 2937 caput
1190 2880 1257 2917 cum
1271 2860 1365 2917 cauda

169 2941 240 2997 clim
253 2942 393 3016 poposcit,
412 2946 507 2998 totam
529 2942 619 2998 etiam
638 2942 732 2997 vitam
746 2948 877 2999 nostram
891 2962 969 2999 nunc
993 2943 1094 3019 exigit.
1138 2942 1255 3018 Pergitc
1273 2941 1367 3017 igitur

170 3021 217 3095 (ut
239 3021 439 3078 Ciceronianis
460 3023 558 3079 verbis
578 3024 670 3099 utar),
691 3023 888 3081 adolescentes
912 3023 1037 3099 optimi,
1066 3023 1099 3079 in
1122 3022 1185 3079 haec
1212 3021 1311 3079 studia
1333 3021 1367 3078 in

169 3103 276 3177 quibus
300 3103 370 3159 estis
392 3104 562 3160 incumbite.
612 3103 697 3172 Quod
724 3123 782 3179 quo
810 3104 979 3180 diligentius
1002 3103 1125 3175 faciatis,
1151 3122 1204 3180 ego
1227 3103 1280 3159 has
1308 3101 1367 3160 Dei

168 3190 394 3259 sanctorumque
415 3185 478 3260 ejus
492 3184 683 3256 laudationes,
699 3203 771 3258 quas
790 3184 842 3242 alii
862 3185 1036 3260 Sequentias
1057 3184 1109 3240 alii
1129 3183 1235 3241 Prosas
1248 3187 1365 3255 vocant,

168 3264 340 3322 elucidiores
364 3265 455 3336 effeci,
470 3271 505 3321 ut
525 3285 592 3322 cum
612 3265 720 3322 sanctis
744 3265 851 3323 litteris
871 3266 961 3323 etiam
981 3265 1103 3322 Latinas
1117 3264 1243 3322 discatis,
1286 3263 1367 3321 Nam

166 3345 237 3402 licet
251 3365 311 3402 non
332 3345 372 3402 sit
391 3345 576 3420 paenitendus
597 3353 684 3403 vetus
707 3345 755 3403 hic
777 3366 877 3403 earum
901 3347 1055 3422 interpres,
1072 3365 1196 3421 suosque
1214 3345 1322 3421 quibus
1336 3363 1367 3402 se

167 3432 288 3484 tueatur
300 3426 409 3484 habeat
427 3433 568 3501 auctores,
584 3432 683 3484 tamen
704 3427 774 3502 quia
788 3447 867 3484 nunc
887 3427 1025 3484 cultiores
1045 3427 1228 3484 reviviscunt
1248 3426 1365 3498 litterae,

166 3508 325 3583 adjecimus
349 3527 450 3564 veram
474 3508 682 3565 vocabulorum
705 3509 989 3584 interpretationem,
1004 3508 1132 3584 priorem
1150 3527 1210 3564 non
1225 3507 1364 3564 delentes.

166 3587 1365 3664 BoniigituraequiqueconsuliteetJohannemBalduinum,iulgatiusBoudium,

167 3670 251 3744 cujus
264 3669 385 3727 monitis
399 3669 474 3726 hanc
488 3670 613 3746 opellam
627 3671 806 3746 suscepimus
819 3670 903 3727 nobis
917 3675 1053 3727 cosmate.
1078 3669 1188 3726 Valete
1199 3688 1238 3726 ex
1251 3669 1368 3726 officina

167 3755 269 3807 nostra
289 3751 435 3807 litteraria
463 3751 495 3806 in
524 3751 741 3808 Parrhisiorum
762 3751 883 3809 Lutetia
905 3751 943 3809 ad
966 3750 1109 3808 delendas
1131 3749 1266 3823 Martias,
1294 3750 1367 3807 anni

167 3850 221 3907 pro
235 3832 445 3907 supputatione
459 3832 596 3889 Romana
609 3831 814 3890 MOGGOOIL

229 4010 394 4092 Colophon
408 4008 458 4074 for
472 4009 528 4073 the
543 4015 559 4042 ‘⁴
569 4009 737 4094 Expositio
752 4007 999 4093 sequentiarum
1008 4009 1028 4037 ''
1041 4033 1093 4073 :—

228 4155 457 4231 Sequentiarum
476 4172 528 4212 seu
551 4173 703 4230 prosarum
723 4154 756 4210 in
780 4152 909 4210 Ecclesia
929 4171 983 4228 per
1002 4156 1100 4209 totum
1120 4170 1231 4209 annum
1248 4154 1368 4208 cantan-

168 4237 273 4294 darum
295 4237 508 4313 diligenterque
529 4240 725 4293 correctarum
745 4240 775 4291 et
795 4253 937 4310 perquam
960 4230 1147 4290 familiariter
1166 4233 1368 4308 expositarum

168 4337 235 4375 cum
248 4319 447 4393 argutioribus
463 4317 672 4374 vocabulorum
690 4314 983 4391 interpretationibus
997 4313 1178 4389 Rothomagi
1190 4332 1244 4389 per
1258 4312 1368 4388 Magis-

168 4405 250 4456 trum
270 4399 395 4456 Petrum
412 4398 546 4457 Violette
566 4398 773 4474 impresserum
794 4395 894 4453 eadem
919 4395 952 4451 in
975 4395 1049 4452 urbe
1068 4399 1300 4454 commorantem
1313 4393 1367 4450 im-
