<?xml version="1.0" encoding="UTF-8"?>
<!DOCTYPE html PUBLIC "-//W3C//DTD XHTML 1.0 Transitional//EN"
    "http://www.w3.org/TR/xhtml1/DTD/xhtml1-transitional.dtd">
<html xmlns="http://www.w3.org/1999/xhtml" xml:lang="en" lang="en">
 <head>
  <title>
</title>
<meta http-equiv="Content-Type" content="text/html;charset=utf-8" />
  <meta name='ocr-system' content='tesseract 3.04.00' />
  <meta name='ocr-capabilities' content='ocr_page ocr_carea ocr_par ocr_line ocrx_word'/>
</head>
<body>
  <div class='ocr_page' id='page_1' title='image "./missaleadusumin01churgoog_0082.png"; bbox 0 0 2910 4904; ppageno 0'>
   <div class='ocr_carea' id='block_1_1' title="bbox 609 283 1329 350">
    <p class='ocr_par' dir='ltr' id='par_1_1' title="bbox 609 283 1329 350">
     <span class='ocr_line' id='line_1_1' title="bbox 609 283 1329 350; baseline -0.001 0"><span class='ocrx_word' id='word_1_1' title='bbox 609 286 706 350; x_wconf 82' lang='lat' dir='ltr'>Festa</span> <span class='ocrx_word' id='word_1_2' title='bbox 727 283 843 348; x_wconf 81' lang='lat' dir='ltr'>Jaac&#39;a&#39;.</span> <span class='ocrx_word' id='word_1_3' title='bbox 1289 289 1329 349; x_wconf 84' lang='lat'>53</span> 
     </span>
    </p>
   </div>
   <div class='ocr_carea' id='block_1_2' title="bbox 123 453 1329 1018">
    <p class='ocr_par' dir='ltr' id='par_1_2' title="bbox 189 453 329 514">
     <span class='ocr_line' id='line_1_2' title="bbox 189 453 329 514; baseline -0.014 0"><span class='ocrx_word' id='word_1_4' title='bbox 189 453 329 514; x_wconf 62' lang='lat' dir='ltr'>Secretal</span> 
     </span>
    </p>

    <p class='ocr_par' dir='ltr' id='par_1_3' title="bbox 123 532 1329 691">
     <span class='ocr_line' id='line_1_3' title="bbox 188 532 1329 607; baseline -0.003 -14"><span class='ocrx_word' id='word_1_5' title='bbox 188 537 326 607; x_wconf 80' lang='lat' dir='ltr'>Munera,</span> <span class='ocrx_word' id='word_1_6' title='bbox 350 535 488 606; x_wconf 79' lang='lat' dir='ltr'>Domine,</span> <span class='ocrx_word' id='word_1_7' title='bbox 512 534 570 591; x_wconf 87' lang='lat' dir='ltr'>tibi</span> <span class='ocrx_word' id='word_1_8' title='bbox 591 532 688 590; x_wconf 87' lang='lat' dir='ltr'>dicata</span> <span class='ocrx_word' id='word_1_9' title='bbox 712 532 871 604; x_wconf 86' lang='lat' dir='ltr'>sanctifica,</span> <span class='ocrx_word' id='word_1_10' title='bbox 894 537 924 588; x_wconf 92' lang='lat' dir='ltr'>et</span> <span class='ocrx_word' id='word_1_11' title='bbox 946 532 1197 589; x_wconf 77' lang='lat' dir='ltr'><strong>intercedentibus</strong></span> <span class='ocrx_word' id='word_1_12' title='bbox 1220 533 1329 591; x_wconf 87' lang='lat' dir='ltr'>sanctis</span> 
     </span>
     <span class='ocr_line' id='line_1_4' title="bbox 123 613 1211 691; baseline -0.005 -17"><span class='ocrx_word' id='word_1_13' title='bbox 123 620 186 674; x_wconf 85' lang='lat' dir='ltr'>tuis</span> <span class='ocrx_word' id='word_1_14' title='bbox 201 618 304 674; x_wconf 91' lang='lat' dir='ltr'>Marco</span> <span class='ocrx_word' id='word_1_15' title='bbox 318 623 349 674; x_wconf 92' lang='lat' dir='ltr'>et</span> <span class='ocrx_word' id='word_1_16' title='bbox 364 616 565 687; x_wconf 82' lang='lat' dir='ltr'>Marcelliano,</span> <span class='ocrx_word' id='word_1_17' title='bbox 580 634 633 691; x_wconf 92' lang='lat' dir='ltr'>per</span> <span class='ocrx_word' id='word_1_18' title='bbox 647 614 747 670; x_wconf 91' lang='lat' dir='ltr'>eadem</span> <span class='ocrx_word' id='word_1_19' title='bbox 762 633 815 671; x_wconf 90' lang='lat' dir='ltr'>nos</span> <span class='ocrx_word' id='word_1_20' title='bbox 828 614 961 689; x_wconf 87' lang='lat' dir='ltr'>placatus</span> <span class='ocrx_word' id='word_1_21' title='bbox 975 613 1102 670; x_wconf 89' lang='lat' dir='ltr'>intende.</span> <span class='ocrx_word' id='word_1_22' title='bbox 1147 613 1211 669; x_wconf 92' lang='lat' dir='ltr'>Per.</span> 
     </span>
    </p>

    <p class='ocr_par' dir='ltr' id='par_1_4' title="bbox 188 696 707 768">
     <span class='ocr_line' id='line_1_5' title="bbox 188 696 707 768; baseline -0.01 -10"><span class='ocrx_word' id='word_1_23' title='bbox 188 698 371 758; x_wconf 75' lang='lat' dir='ltr'>Communia.</span> <span class='ocrx_word' id='word_1_24' title='bbox 413 699 521 768; x_wconf 91' lang='lat' dir='ltr'>Amen,</span> <span class='ocrx_word' id='word_1_25' title='bbox 537 697 601 754; x_wconf 93' lang='lat' dir='ltr'>dico</span> <span class='ocrx_word' id='word_1_26' title='bbox 616 696 707 753; x_wconf 89' lang='lat' dir='ltr'>vobis.</span> 
     </span>
    </p>

    <p class='ocr_par' dir='ltr' id='par_1_5' title="bbox 188 779 431 838">
     <span class='ocr_line' id='line_1_6' title="bbox 188 779 431 838; baseline 0 -2"><span class='ocrx_word' id='word_1_27' title='bbox 188 779 431 838; x_wconf 80' lang='lat' dir='ltr'>Postcommaaio.</span> 
     </span>
    </p>

    <p class='ocr_par' dir='ltr' id='par_1_6' title="bbox 123 856 1327 1018">
     <span class='ocr_line' id='line_1_7' title="bbox 187 856 1327 933; baseline -0.003 -14"><span class='ocrx_word' id='word_1_28' title='bbox 187 861 334 920; x_wconf 75' lang='lat' dir='ltr'>Salutaris</span> <span class='ocrx_word' id='word_1_29' title='bbox 347 860 402 933; x_wconf 91' lang='lat' dir='ltr'>tui,</span> <span class='ocrx_word' id='word_1_30' title='bbox 418 858 554 930; x_wconf 88' lang='lat' dir='ltr'>Domine,</span> <span class='ocrx_word' id='word_1_31' title='bbox 565 877 687 914; x_wconf 88' lang='lat' dir='ltr'>munere</span> <span class='ocrx_word' id='word_1_32' title='bbox 700 857 803 914; x_wconf 89' lang='lat' dir='ltr'>satiati</span> <span class='ocrx_word' id='word_1_33' title='bbox 815 856 960 932; x_wconf 86' lang='lat' dir='ltr'>supplices</span> <span class='ocrx_word' id='word_1_34' title='bbox 974 876 1138 930; x_wconf 78' lang='lat' dir='ltr'>exoramusr,</span> <span class='ocrx_word' id='word_1_35' title='bbox 1154 865 1188 913; x_wconf 91' lang='lat' dir='ltr'>ut</span> <span class='ocrx_word' id='word_1_36' title='bbox 1202 878 1327 933; x_wconf 89' lang='lat' dir='ltr'>quorum</span> 
     </span>
     <span class='ocr_line' id='line_1_8' title="bbox 123 938 983 1018; baseline -0.006 -17"><span class='ocrx_word' id='word_1_37' title='bbox 123 945 263 1001; x_wconf 88' lang='lat' dir='ltr'>laetamur</span> <span class='ocrx_word' id='word_1_38' title='bbox 275 948 376 1018; x_wconf 87' lang='lat' dir='ltr'>gustu,</span> <span class='ocrx_word' id='word_1_39' title='bbox 392 960 568 998; x_wconf 82' lang='lat' dir='ltr'>renovemur</span> <span class='ocrx_word' id='word_1_40' title='bbox 581 940 695 997; x_wconf 89' lang='lat' dir='ltr'>effectu.</span> <span class='ocrx_word' id='word_1_41' title='bbox 740 938 798 995; x_wconf 92' lang='lat' dir='ltr'>Per</span> <span class='ocrx_word' id='word_1_42' title='bbox 812 938 983 996; x_wconf 89' lang='lat' dir='ltr'>Dominum.</span> 
     </span>
    </p>
   </div>
   <div class='ocr_carea' id='block_1_3' title="bbox 172 1179 1278 1257">
    <p class='ocr_par' dir='ltr' id='par_1_7' title="bbox 172 1179 1278 1257">
     <span class='ocr_line' id='line_1_9' title="bbox 172 1179 1278 1257; baseline 0 -18"><span class='ocrx_word' id='word_1_43' title='bbox 172 1183 360 1240; x_wconf 74' lang='lat' dir='ltr'>Saucroauu</span> <span class='ocrx_word' id='word_1_44' title='bbox 382 1180 531 1237; x_wconf 72' lang='lat' dir='ltr'>Guuvssn</span> <span class='ocrx_word' id='word_1_45' title='bbox 553 1196 590 1236; x_wconf 83' lang='lat' dir='ltr'>ar</span> <span class='ocrx_word' id='word_1_46' title='bbox 611 1179 765 1251; x_wconf 76' lang='lat' dir='ltr'>Paorasu,</span> <span class='ocrx_word' id='word_1_47' title='bbox 788 1196 965 1237; x_wconf 74' lang='lat' dir='ltr'>rraurrauu.</span> <span class='ocrx_word' id='word_1_48' title='bbox 1011 1179 1086 1257; x_wconf 79' lang='lat' dir='ltr'>(xiii.</span> <span class='ocrx_word' id='word_1_49' title='bbox 1109 1180 1178 1240; x_wconf 87' lang='lat' dir='ltr'>Kal.</span> <span class='ocrx_word' id='word_1_50' title='bbox 1201 1182 1278 1255; x_wconf 82' lang='lat' dir='ltr'>Jul.)</span> 
     </span>
    </p>
   </div>
   <div class='ocr_carea' id='block_1_4' title="bbox 124 1328 1330 2696">
    <p class='ocr_par' dir='ltr' id='par_1_8' title="bbox 188 1328 703 1406">
     <span class='ocr_line' id='line_1_10' title="bbox 188 1328 703 1406; baseline -0.008 -18"><span class='ocrx_word' id='word_1_51' title='bbox 188 1330 329 1404; x_wconf 80' lang='lat' dir='ltr'>Officium.</span> <span class='ocrx_word' id='word_1_52' title='bbox 374 1329 527 1406; x_wconf 77' lang='lat' dir='ltr'>Loquetur</span> <span class='ocrx_word' id='word_1_53' title='bbox 547 1328 703 1385; x_wconf 78' lang='lat' dir='ltr'>Dominus,</span> 
     </span>
    </p>

    <p class='ocr_par' dir='ltr' id='par_1_9' title="bbox 188 1412 432 1481">
     <span class='ocr_line' id='line_1_11' title="bbox 188 1412 432 1481; baseline -0.008 -12"><span class='ocrx_word' id='word_1_54' title='bbox 188 1412 298 1469; x_wconf 77' lang='lat' dir='ltr'>Oratio.</span> <span class='ocrx_word' id='word_1_55' title='bbox 430 1478 432 1481; x_wconf 21' lang='grc' dir='ltr'>Ι</span> 
     </span>
    </p>

    <p class='ocr_par' dir='ltr' id='par_1_10' title="bbox 124 1490 1329 1727">
     <span class='ocr_line' id='line_1_12' title="bbox 186 1490 1329 1566; baseline 0 -18"><span class='ocrx_word' id='word_1_56' title='bbox 186 1491 278 1561; x_wconf 89' lang='lat' dir='ltr'>Deus,</span> <span class='ocrx_word' id='word_1_57' title='bbox 295 1492 346 1566; x_wconf 92' lang='lat' dir='ltr'>qui</span> <span class='ocrx_word' id='word_1_58' title='bbox 361 1511 413 1548; x_wconf 87' lang='lat' dir='ltr'>nos</span> <span class='ocrx_word' id='word_1_59' title='bbox 426 1511 526 1548; x_wconf 84' lang='lat' dir='ltr'>annua</span> <span class='ocrx_word' id='word_1_60' title='bbox 539 1496 709 1547; x_wconf 89' lang='lat' dir='ltr'>sanctorum</span> <span class='ocrx_word' id='word_1_61' title='bbox 727 1495 893 1564; x_wconf 85' lang='lat' dir='ltr'>martyrum</span> <span class='ocrx_word' id='word_1_62' title='bbox 911 1497 1031 1546; x_wconf 86' lang='lat' dir='ltr'>tuorum</span> <span class='ocrx_word' id='word_1_63' title='bbox 1051 1490 1188 1548; x_wconf 84' lang='lat' dir='ltr'>Gervasii</span> <span class='ocrx_word' id='word_1_64' title='bbox 1208 1497 1238 1548; x_wconf 88' lang='lat' dir='ltr'>et</span> <span class='ocrx_word' id='word_1_65' title='bbox 1258 1490 1329 1548; x_wconf 84' lang='lat' dir='ltr'>Pro</span> 
     </span>
     <span class='ocr_line' id='line_1_13' title="bbox 124 1571 1329 1649; baseline 0 -19"><span class='ocrx_word' id='word_1_66' title='bbox 124 1573 194 1630; x_wconf 76' lang='lat' dir='ltr'>tasii</span> <span class='ocrx_word' id='word_1_67' title='bbox 220 1572 418 1630; x_wconf 71' lang='lat' dir='ltr'>sollemnitate</span> <span class='ocrx_word' id='word_1_68' title='bbox 445 1572 585 1641; x_wconf 84' lang='lat' dir='ltr'>laetificas,</span> <span class='ocrx_word' id='word_1_69' title='bbox 614 1571 738 1629; x_wconf 91' lang='lat' dir='ltr'>concede</span> <span class='ocrx_word' id='word_1_70' title='bbox 764 1571 919 1647; x_wconf 85' lang='lat' dir='ltr'>propitius,</span> <span class='ocrx_word' id='word_1_71' title='bbox 948 1579 983 1627; x_wconf 91' lang='lat' dir='ltr'>ut</span> <span class='ocrx_word' id='word_1_72' title='bbox 1011 1591 1138 1646; x_wconf 88' lang='lat' dir='ltr'>quorum</span> <span class='ocrx_word' id='word_1_73' title='bbox 1168 1572 1329 1649; x_wconf 78' lang='lat' dir='ltr'>gaudemus</span> 
     </span>
     <span class='ocr_line' id='line_1_14' title="bbox 126 1652 623 1727; baseline -0.006 -16"><span class='ocrx_word' id='word_1_74' title='bbox 126 1653 250 1722; x_wconf 86' lang='lat' dir='ltr'>meritis,</span> <span class='ocrx_word' id='word_1_75' title='bbox 264 1653 459 1710; x_wconf 84' lang='lat' dir='ltr'>accendamur</span> <span class='ocrx_word' id='word_1_76' title='bbox 472 1652 623 1727; x_wconf 87' lang='lat' dir='ltr'>exemplis.</span> 
     </span>
    </p>

    <p class='ocr_par' dir='ltr' id='par_1_11' title="bbox 187 1733 663 1810">
     <span class='ocr_line' id='line_1_15' title="bbox 187 1733 663 1810; baseline 0 -20"><span class='ocrx_word' id='word_1_77' title='bbox 187 1735 328 1810; x_wconf 80' lang='lat' dir='ltr'>Epistola.</span> <span class='ocrx_word' id='word_1_78' title='bbox 373 1734 475 1791; x_wconf 82' lang='lat' dir='ltr'>Sancti</span> <span class='ocrx_word' id='word_1_79' title='bbox 496 1752 547 1808; x_wconf 91' lang='lat' dir='ltr'>per</span> <span class='ocrx_word' id='word_1_80' title='bbox 567 1733 663 1790; x_wconf 88' lang='lat' dir='ltr'>fidem.</span> 
     </span>
    </p>

    <p class='ocr_par' dir='ltr' id='par_1_12' title="bbox 189 1815 731 1890">
     <span class='ocr_line' id='line_1_16' title="bbox 189 1815 731 1890; baseline -0.007 -17"><span class='ocrx_word' id='word_1_81' title='bbox 189 1815 322 1873; x_wconf 81' lang='lat' dir='ltr'>Gradale.</span> <span class='ocrx_word' id='word_1_82' title='bbox 367 1816 441 1872; x_wconf 87' lang='lat' dir='ltr'>Ecce</span> <span class='ocrx_word' id='word_1_83' title='bbox 462 1834 551 1890; x_wconf 89' lang='lat' dir='ltr'>quam</span> <span class='ocrx_word' id='word_1_84' title='bbox 572 1815 689 1870; x_wconf 89' lang='lat' dir='ltr'>bonum.</span> <span class='ocrx_word' id='word_1_85' title='bbox 729 1855 731 1859; x_wconf 30' lang='grc' dir='ltr'>ψ</span> 
     </span>
    </p>

    <p class='ocr_par' dir='ltr' id='par_1_13' title="bbox 187 1895 706 1972">
     <span class='ocr_line' id='line_1_17' title="bbox 187 1895 706 1972; baseline 0 -20"><span class='ocrx_word' id='word_1_86' title='bbox 187 1897 335 1972; x_wconf 88' lang='lat' dir='ltr'>Alleluya.</span> <span class='ocrx_word' id='word_1_87' title='bbox 385 1897 414 1955; x_wconf 89' lang='lat' dir='ltr'>V.</span> <span class='ocrx_word' id='word_1_88' title='bbox 437 1896 521 1952; x_wconf 88' lang='lat' dir='ltr'>Justi</span> <span class='ocrx_word' id='word_1_89' title='bbox 541 1895 706 1970; x_wconf 89' lang='lat' dir='ltr'>epulentur.</span> 
     </span>
    </p>

    <p class='ocr_par' dir='ltr' id='par_1_14' title="bbox 188 1976 902 2053">
     <span class='ocr_line' id='line_1_18' title="bbox 188 1976 902 2053; baseline -0.001 -20"><span class='ocrx_word' id='word_1_90' title='bbox 188 1977 388 2052; x_wconf 70' lang='lat' dir='ltr'>anaqetiara.</span> <span class='ocrx_word' id='word_1_91' title='bbox 432 1977 611 2053; x_wconf 83' lang='lat' dir='ltr'>Egrediente</span> <span class='ocrx_word' id='word_1_92' title='bbox 630 1976 705 2034; x_wconf 87' lang='lat' dir='ltr'>Jesu</span> <span class='ocrx_word' id='word_1_93' title='bbox 726 1976 763 2032; x_wconf 90' lang='lat' dir='ltr'>de</span> <span class='ocrx_word' id='word_1_94' title='bbox 783 1976 902 2052; x_wconf 88' lang='lat' dir='ltr'>templo.</span> 
     </span>
    </p>

    <p class='ocr_par' dir='ltr' id='par_1_15' title="bbox 190 2057 591 2132">
     <span class='ocr_line' id='line_1_19' title="bbox 190 2057 591 2132; baseline 0 -17"><span class='ocrx_word' id='word_1_95' title='bbox 190 2057 380 2132; x_wconf 80' lang='lat' dir='ltr'>Offertoriam.</span> <span class='ocrx_word' id='word_1_96' title='bbox 425 2057 591 2115; x_wconf 87' lang='lat' dir='ltr'>Laetamini.</span> 
     </span>
    </p>

    <p class='ocr_par' dir='ltr' id='par_1_16' title="bbox 190 2141 328 2198">
     <span class='ocr_line' id='line_1_20' title="bbox 190 2141 328 2198; baseline 0.022 -4"><span class='ocrx_word' id='word_1_97' title='bbox 190 2141 328 2198; x_wconf 70' lang='lat' dir='ltr'>decretat</span> 
     </span>
    </p>

    <p class='ocr_par' dir='ltr' id='par_1_17' title="bbox 143 2219 1330 2377">
     <span class='ocr_line' id='line_1_21' title="bbox 190 2219 1330 2296; baseline 0 -18"><span class='ocrx_word' id='word_1_98' title='bbox 190 2221 302 2278; x_wconf 89' lang='lat' dir='ltr'>Oblatis</span> <span class='ocrx_word' id='word_1_99' title='bbox 324 2239 501 2296; x_wconf 72' lang='lat' dir='ltr'>quaerimur,</span> <span class='ocrx_word' id='word_1_100' title='bbox 525 2219 663 2289; x_wconf 87' lang='lat' dir='ltr'>Domine,</span> <span class='ocrx_word' id='word_1_101' title='bbox 686 2219 801 2294; x_wconf 88' lang='lat' dir='ltr'>placare</span> <span class='ocrx_word' id='word_1_102' title='bbox 823 2220 1003 2290; x_wconf 88' lang='lat' dir='ltr'>muneribus,</span> <span class='ocrx_word' id='word_1_103' title='bbox 1027 2225 1057 2277; x_wconf 89' lang='lat' dir='ltr'>et</span> <span class='ocrx_word' id='word_1_104' title='bbox 1078 2220 1330 2278; x_wconf 71' lang='lat' dir='ltr'>intercedentibus</span> 
     </span>
     <span class='ocr_line' id='line_1_22' title="bbox 143 2300 953 2377; baseline 0.002 -21"><span class='ocrx_word' id='word_1_105' title='bbox 143 2303 235 2358; x_wconf 87' lang='lat' dir='ltr'>sanctis</span> <span class='ocrx_word' id='word_1_106' title='bbox 248 2303 318 2374; x_wconf 89' lang='lat' dir='ltr'>tuis,</span> <span class='ocrx_word' id='word_1_107' title='bbox 333 2322 351 2358; x_wconf 90' lang='lat' dir='ltr'>a</span> <span class='ocrx_word' id='word_1_108' title='bbox 365 2302 479 2358; x_wconf 89' lang='lat' dir='ltr'>cunctis</span> <span class='ocrx_word' id='word_1_109' title='bbox 493 2320 547 2357; x_wconf 92' lang='lat' dir='ltr'>nos</span> <span class='ocrx_word' id='word_1_110' title='bbox 561 2300 685 2357; x_wconf 85' lang='lat' dir='ltr'>defende</span> <span class='ocrx_word' id='word_1_111' title='bbox 699 2300 844 2377; x_wconf 87' lang='lat' dir='ltr'>periculis.</span> <span class='ocrx_word' id='word_1_112' title='bbox 887 2300 953 2358; x_wconf 90' lang='lat' dir='ltr'>Per.</span> 
     </span>
    </p>

    <p class='ocr_par' dir='ltr' id='par_1_18' title="bbox 192 2382 591 2440">
     <span class='ocr_line' id='line_1_23' title="bbox 192 2382 591 2440; baseline -0.005 0"><span class='ocrx_word' id='word_1_113' title='bbox 192 2382 370 2440; x_wconf 77' lang='lat' dir='ltr'>Communia.</span> <span class='ocrx_word' id='word_1_114' title='bbox 414 2382 591 2440; x_wconf 89' lang='lat' dir='ltr'>Posuerunt.</span> 
     </span>
    </p>

    <p class='ocr_par' dir='ltr' id='par_1_19' title="bbox 194 2462 449 2537">
     <span class='ocr_line' id='line_1_24' title="bbox 194 2462 449 2537; baseline 0.004 -18"><span class='ocrx_word' id='word_1_115' title='bbox 194 2462 449 2537; x_wconf 84' lang='lat' dir='ltr'>Postoommaaio.‡</span> 
     </span>
    </p>

    <p class='ocr_par' dir='ltr' id='par_1_20' title="bbox 150 2543 1329 2696">
     <span class='ocr_line' id='line_1_25' title="bbox 192 2543 1329 2619; baseline -0.002 -17"><span class='ocrx_word' id='word_1_116' title='bbox 192 2546 260 2604; x_wconf 86' lang='lat' dir='ltr'>Haeo</span> <span class='ocrx_word' id='word_1_117' title='bbox 282 2565 336 2603; x_wconf 90' lang='lat' dir='ltr'>nos</span> <span class='ocrx_word' id='word_1_118' title='bbox 356 2545 532 2614; x_wconf 86' lang='lat' dir='ltr'>communio,</span> <span class='ocrx_word' id='word_1_119' title='bbox 556 2545 692 2615; x_wconf 90' lang='lat' dir='ltr'>Domine,</span> <span class='ocrx_word' id='word_1_120' title='bbox 716 2550 822 2619; x_wconf 87' lang='lat' dir='ltr'>purget</span> <span class='ocrx_word' id='word_1_121' title='bbox 835 2562 853 2599; x_wconf 89' lang='lat' dir='ltr'>a</span> <span class='ocrx_word' id='word_1_122' title='bbox 875 2543 1004 2614; x_wconf 86' lang='lat' dir='ltr'>crimine,</span> <span class='ocrx_word' id='word_1_123' title='bbox 1029 2551 1059 2600; x_wconf 89' lang='lat' dir='ltr'>et</span> <span class='ocrx_word' id='word_1_124' title='bbox 1080 2543 1329 2601; x_wconf 82' lang='lat' dir='ltr'>intercedentibus</span> 
     </span>
     <span class='ocr_line' id='line_1_26' title="bbox 150 2624 1327 2696; baseline 0.003 -18"><span class='ocrx_word' id='word_1_125' title='bbox 150 2628 235 2684; x_wconf 82' lang='lat' dir='ltr'>sanctis</span> <span class='ocrx_word' id='word_1_126' title='bbox 246 2627 308 2684; x_wconf 89' lang='lat' dir='ltr'>tuis</span> <span class='ocrx_word' id='word_1_127' title='bbox 323 2627 468 2684; x_wconf 79' lang='lat' dir='ltr'>Gervasio</span> <span class='ocrx_word' id='word_1_128' title='bbox 486 2631 517 2684; x_wconf 91' lang='lat' dir='ltr'>et</span> <span class='ocrx_word' id='word_1_129' title='bbox 535 2625 678 2696; x_wconf 85' lang='lat' dir='ltr'>Protesi0,</span> <span class='ocrx_word' id='word_1_130' title='bbox 695 2624 818 2682; x_wconf 85' lang='lat' dir='ltr'>caelestis</span> <span class='ocrx_word' id='word_1_131' title='bbox 840 2624 963 2680; x_wconf 89' lang='lat' dir='ltr'>remedii</span> <span class='ocrx_word' id='word_1_132' title='bbox 981 2624 1071 2682; x_wconf 86' lang='lat' dir='ltr'>faciat</span> <span class='ocrx_word' id='word_1_133' title='bbox 1092 2645 1154 2682; x_wconf 89' lang='lat' dir='ltr'>esse</span> <span class='ocrx_word' id='word_1_134' title='bbox 1172 2631 1327 2682; x_wconf 88' lang='lat' dir='ltr'>consortes.</span> 
     </span>
    </p>
   </div>
   <div class='ocr_carea' id='block_1_5' title="bbox 152 2700 199 2762">
    <p class='ocr_par' dir='ltr' id='par_1_21' title="bbox 152 2700 199 2762">
     <span class='ocr_line' id='line_1_27' title="bbox 152 2700 199 2762; baseline 0.128 -6"><span class='ocrx_word' id='word_1_135' title='bbox 152 2700 199 2762; x_wconf 88' lang='lat' dir='ltr'>Per.</span> 
     </span>
    </p>
   </div>
   <div class='ocr_carea' id='block_1_6' title="bbox 220 2893 1246 2973">
    <p class='ocr_par' dir='ltr' id='par_1_22' title="bbox 220 2893 1246 2973">
     <span class='ocr_line' id='line_1_28' title="bbox 220 2893 1246 2973; baseline -0.002 -21"><span class='ocrx_word' id='word_1_136' title='bbox 220 2893 327 2954; x_wconf 78' lang='lat' dir='ltr'>Seueri</span> <span class='ocrx_word' id='word_1_137' title='bbox 350 2895 512 2966; x_wconf 79' lang='lat' dir='ltr'>Leururm,</span> <span class='ocrx_word' id='word_1_138' title='bbox 535 2910 661 2951; x_wconf 74' lang='lat' dir='ltr'>anseris</span> <span class='ocrx_word' id='word_1_139' title='bbox 683 2910 720 2950; x_wconf 79' lang='lat' dir='ltr'>er</span> <span class='ocrx_word' id='word_1_140' title='bbox 741 2910 945 2951; x_wconf 82' lang='lat' dir='ltr'>courrssorus.</span> <span class='ocrx_word' id='word_1_141' title='bbox 998 2895 1052 2969; x_wconf 84' lang='lat' dir='ltr'>(xi.</span> <span class='ocrx_word' id='word_1_142' title='bbox 1077 2894 1146 2951; x_wconf 87' lang='lat' dir='ltr'>Kal.</span> <span class='ocrx_word' id='word_1_143' title='bbox 1169 2894 1246 2973; x_wconf 86' lang='lat' dir='ltr'>Jul.)</span> 
     </span>
    </p>
   </div>
   <div class='ocr_carea' id='block_1_7' title="bbox 197 3043 784 3670">
    <p class='ocr_par' dir='ltr' id='par_1_23' title="bbox 198 3043 516 3120">
     <span class='ocr_line' id='line_1_29' title="bbox 198 3043 516 3120; baseline 0.009 -22"><span class='ocrx_word' id='word_1_144' title='bbox 198 3043 328 3116; x_wconf 74' lang='lat' dir='ltr'>officiam.</span> <span class='ocrx_word' id='word_1_145' title='bbox 372 3044 414 3102; x_wconf 91' lang='lat' dir='ltr'>Os</span> <span class='ocrx_word' id='word_1_146' title='bbox 432 3044 516 3120; x_wconf 85' lang='lat' dir='ltr'>justi.</span> 
     </span>
    </p>

    <p class='ocr_par' dir='ltr' id='par_1_24' title="bbox 197 3123 784 3602">
     <span class='ocr_line' id='line_1_30' title="bbox 198 3123 784 3199; baseline 0.003 -19"><span class='ocrx_word' id='word_1_147' title='bbox 198 3123 296 3184; x_wconf 81' lang='lat' dir='ltr'>Oratio.</span> <span class='ocrx_word' id='word_1_148' title='bbox 341 3123 517 3182; x_wconf 88' lang='lat' dir='ltr'>Intercessio</span> <span class='ocrx_word' id='word_1_149' title='bbox 532 3143 594 3194; x_wconf 91' lang='lat' dir='ltr'>nos,</span> <span class='ocrx_word' id='word_1_150' title='bbox 610 3143 784 3199; x_wconf 84' lang='lat' dir='ltr'>quaesumus</span> 
     </span>
     <span class='ocr_line' id='line_1_31' title="bbox 197 3205 628 3280; baseline 0.005 -21"><span class='ocrx_word' id='word_1_151' title='bbox 197 3205 329 3280; x_wconf 76' lang='lat' dir='ltr'>Epistola.</span> <span class='ocrx_word' id='word_1_152' title='bbox 373 3205 510 3263; x_wconf 88' lang='lat' dir='ltr'>Dilectus</span> <span class='ocrx_word' id='word_1_153' title='bbox 523 3225 541 3261; x_wconf 88' lang='lat' dir='ltr'>a</span> <span class='ocrx_word' id='word_1_154' title='bbox 555 3206 628 3262; x_wconf 93' lang='lat' dir='ltr'>Deo.</span> 
     </span>
     <span class='ocr_line' id='line_1_32' title="bbox 199 3286 714 3363; baseline 0.004 -21"><span class='ocrx_word' id='word_1_155' title='bbox 199 3286 321 3344; x_wconf 82' lang='lat' dir='ltr'>Gradate.</span> <span class='ocrx_word' id='word_1_156' title='bbox 366 3286 407 3345; x_wconf 87' lang='lat' dir='ltr'>Os</span> <span class='ocrx_word' id='word_1_157' title='bbox 423 3287 500 3363; x_wconf 86' lang='lat' dir='ltr'>justi</span> <span class='ocrx_word' id='word_1_158' title='bbox 514 3286 714 3344; x_wconf 86' lang='lat' dir='ltr'>meditabitur.</span> 
     </span>
     <span class='ocr_line' id='line_1_33' title="bbox 197 3367 641 3444; baseline 0 -21"><span class='ocrx_word' id='word_1_159' title='bbox 197 3367 334 3444; x_wconf 80' lang='lat' dir='ltr'>Alleluya.</span> <span class='ocrx_word' id='word_1_160' title='bbox 385 3367 413 3426; x_wconf 81' lang='lat' dir='ltr'>V.</span> <span class='ocrx_word' id='word_1_161' title='bbox 437 3368 500 3424; x_wconf 89' lang='lat' dir='ltr'>Iste</span> <span class='ocrx_word' id='word_1_162' title='bbox 514 3373 641 3424; x_wconf 78' lang='lat' dir='ltr'>sanctus,</span> 
     </span>
     <span class='ocr_line' id='line_1_34' title="bbox 198 3448 698 3524; baseline 0.01 -21"><span class='ocrx_word' id='word_1_163' title='bbox 198 3448 387 3524; x_wconf 73' lang='lat' dir='ltr'>Ecartqelt&#39;ara.</span> <span class='ocrx_word' id='word_1_164' title='bbox 431 3449 551 3519; x_wconf 92' lang='lat' dir='ltr'>Videte,</span> <span class='ocrx_word' id='word_1_165' title='bbox 567 3448 698 3524; x_wconf 81' lang='lat' dir='ltr'>vigilate.</span> 
     </span>
     <span class='ocr_line' id='line_1_35' title="bbox 199 3527 551 3602; baseline 0.009 -19"><span class='ocrx_word' id='word_1_166' title='bbox 199 3527 379 3602; x_wconf 72' lang='lat' dir='ltr'>offertorium.</span> <span class='ocrx_word' id='word_1_167' title='bbox 423 3530 551 3586; x_wconf 86' lang='lat' dir='ltr'>Veritas.</span> 
     </span>
    </p>

    <p class='ocr_par' dir='ltr' id='par_1_25' title="bbox 199 3608 650 3670">
     <span class='ocr_line' id='line_1_36' title="bbox 199 3608 650 3670; baseline 0.009 -4"><span class='ocrx_word' id='word_1_168' title='bbox 199 3608 369 3670; x_wconf 71' lang='lat' dir='ltr'>Coruncanio.</span> <span class='ocrx_word' id='word_1_169' title='bbox 413 3611 525 3669; x_wconf 90' lang='lat' dir='ltr'>Beatus</span> <span class='ocrx_word' id='word_1_170' title='bbox 539 3631 650 3670; x_wconf 80' lang='lat' dir='ltr'>servus.</span> 
     </span>
    </p>
   </div>
   <div class='ocr_carea' id='block_1_8' title="bbox 157 3763 1328 3988">
    <p class='ocr_par' dir='ltr' id='par_1_26' title="bbox 157 3763 1328 3988">
     <span class='ocr_line' id='line_1_37' title="bbox 198 3763 1328 3826; baseline 0.002 -16"><span class='ocrx_word' id='word_1_171' title='bbox 198 3763 265 3810; x_wconf 74' lang='lat' dir='ltr'>*tls</span> <span class='ocrx_word' id='word_1_172' title='bbox 277 3766 476 3811; x_wconf 87' lang='lat' dir='ltr'>D.—Praeveniat</span> <span class='ocrx_word' id='word_1_173' title='bbox 485 3780 538 3821; x_wconf 86' lang='lat' dir='ltr'>nos,</span> <span class='ocrx_word' id='word_1_174' title='bbox 549 3779 694 3823; x_wconf 86' lang='lat' dir='ltr'>quaesumus,</span> <span class='ocrx_word' id='word_1_175' title='bbox 706 3766 816 3822; x_wconf 85' lang='lat' dir='ltr'>Domine,</span> <span class='ocrx_word' id='word_1_176' title='bbox 827 3767 905 3823; x_wconf 81' lang='lat' dir='ltr'>gratia</span> <span class='ocrx_word' id='word_1_177' title='bbox 915 3771 957 3813; x_wconf 87' lang='lat' dir='ltr'>tua</span> <span class='ocrx_word' id='word_1_178' title='bbox 967 3781 1060 3825; x_wconf 87' lang='lat' dir='ltr'>semper</span> <span class='ocrx_word' id='word_1_179' title='bbox 1075 3771 1099 3814; x_wconf 90' lang='lat' dir='ltr'>et</span> <span class='ocrx_word' id='word_1_180' title='bbox 1114 3772 1235 3826; x_wconf 88' lang='lat' dir='ltr'>sequatur,</span> <span class='ocrx_word' id='word_1_181' title='bbox 1244 3772 1269 3814; x_wconf 89' lang='lat' dir='ltr'>ct</span> <span class='ocrx_word' id='word_1_182' title='bbox 1284 3769 1328 3812; x_wconf 85' lang='lat' dir='ltr'>has</span> 
     </span>
     <span class='ocr_line' id='line_1_38' title="bbox 158 3813 1328 3885; baseline 0.015 -30"><span class='ocrx_word' id='word_1_183' title='bbox 158 3813 265 3881; x_wconf 80' lang='lat' dir='ltr'>oblationes,</span> <span class='ocrx_word' id='word_1_184' title='bbox 275 3840 334 3883; x_wconf 88' lang='lat' dir='ltr'>quas</span> <span class='ocrx_word' id='word_1_185' title='bbox 344 3839 390 3882; x_wconf 89' lang='lat' dir='ltr'>pro</span> <span class='ocrx_word' id='word_1_186' title='bbox 400 3825 504 3884; x_wconf 89' lang='lat' dir='ltr'>pcccatis</span> <span class='ocrx_word' id='word_1_187' title='bbox 515 3826 604 3869; x_wconf 85' lang='lat' dir='ltr'>nostris</span> <span class='ocrx_word' id='word_1_188' title='bbox 614 3827 706 3870; x_wconf 88' lang='lat' dir='ltr'>nomini</span> <span class='ocrx_word' id='word_1_189' title='bbox 717 3831 759 3872; x_wconf 90' lang='lat' dir='ltr'>tuo</span> <span class='ocrx_word' id='word_1_190' title='bbox 769 3826 942 3871; x_wconf 89' lang='lat' dir='ltr'>consecrandas</span> <span class='ocrx_word' id='word_1_191' title='bbox 953 3826 1083 3883; x_wconf 82' lang='lat' dir='ltr'>offerimus,</span> <span class='ocrx_word' id='word_1_192' title='bbox 1093 3827 1215 3884; x_wconf 88' lang='lat' dir='ltr'>benignus</span> <span class='ocrx_word' id='word_1_193' title='bbox 1224 3842 1328 3885; x_wconf 87' lang='lat' dir='ltr'>assume,</span> 
     </span>
     <span class='ocr_line' id='line_1_39' title="bbox 157 3875 1327 3988; baseline 0 -58"><span class='ocrx_word' id='word_1_194' title='bbox 157 3875 409 3988; x_wconf 50' lang='lat' dir='ltr'>iiiillioercessmiim</span> <span class='ocrx_word' id='word_1_195' title='bbox 424 3887 564 3955; x_wconf 75' lang='lat' dir='ltr'>sanctorum</span> <span class='ocrx_word' id='word_1_196' title='bbox 573 3890 707 3944; x_wconf 82' lang='lat' dir='ltr'>martyrum</span> <span class='ocrx_word' id='word_1_197' title='bbox 717 3888 813 3930; x_wconf 89' lang='lat' dir='ltr'>tuorum</span> <span class='ocrx_word' id='word_1_198' title='bbox 824 3885 900 3930; x_wconf 89' lang='lat' dir='ltr'>Marci</span> <span class='ocrx_word' id='word_1_199' title='bbox 907 3890 932 3930; x_wconf 89' lang='lat' dir='ltr'>et</span> <span class='ocrx_word' id='word_1_200' title='bbox 940 3887 1090 3931; x_wconf 85' lang='lat' dir='ltr'>Marcelliani</span> <span class='ocrx_word' id='word_1_201' title='bbox 1098 3887 1191 3932; x_wconf 87' lang='lat' dir='ltr'>cunctis</span> <span class='ocrx_word' id='word_1_202' title='bbox 1200 3887 1327 3944; x_wconf 86' lang='lat' dir='ltr'>proficiant</span> 
     </span>
    </p>

    <p class='ocr_par' dir='ltr' id='par_1_27' title="bbox 190 3952 496 3988">
     <span class='ocr_line' id='line_1_40' title="bbox 190 3952 496 3988; baseline 0.003 -2"><span class='ocrx_word' id='word_1_203' title='bbox 190 3952 193 3959; x_wconf 86' lang='lat'><strong>·</strong></span> <span class='ocrx_word' id='word_1_204' title='bbox 210 3955 221 3986; x_wconf 87' lang='lat' dir='ltr'>u</span> <span class='ocrx_word' id='word_1_205' title='bbox 241 3959 269 3988; x_wconf 88' lang='lat' dir='ltr'>m.</span> <span class='ocrx_word' id='word_1_206' title='bbox 322 3958 348 3988; x_wconf 92' lang='lat' dir='ltr'>cr</span> <span class='ocrx_word' id='word_1_207' title='bbox 384 3957 496 3988; x_wconf 79' lang='lat' dir='ltr'>ominum.</span> 
     </span>
    </p>
   </div>
   <div class='ocr_carea' id='block_1_9' title="bbox 157 4016 1329 4197">
    <p class='ocr_par' dir='ltr' id='par_1_28' title="bbox 157 4016 1329 4197">
     <span class='ocr_line' id='line_1_41' title="bbox 197 4016 1329 4080; baseline 0.003 -16"><span class='ocrx_word' id='word_1_208' title='bbox 197 4016 207 4074; x_wconf 66' lang='lat' dir='ltr'>i</span> <span class='ocrx_word' id='word_1_209' title='bbox 226 4018 273 4066; x_wconf 79' lang='lat' dir='ltr'>Me.</span> <span class='ocrx_word' id='word_1_210' title='bbox 292 4019 453 4065; x_wconf 81' lang='lat' dir='ltr'>D.-Hostias</span> <span class='ocrx_word' id='word_1_211' title='bbox 471 4020 524 4074; x_wconf 90' lang='lat' dir='ltr'>tibi,</span> <span class='ocrx_word' id='word_1_212' title='bbox 542 4020 651 4073; x_wconf 85' lang='lat' dir='ltr'>Domine,</span> <span class='ocrx_word' id='word_1_213' title='bbox 668 4020 747 4065; x_wconf 86' lang='lat' dir='ltr'>laudis</span> <span class='ocrx_word' id='word_1_214' title='bbox 768 4021 898 4079; x_wconf 82' lang='lat' dir='ltr'>offerimus,</span> <span class='ocrx_word' id='word_1_215' title='bbox 919 4022 997 4080; x_wconf 75' lang='lat' dir='ltr'>quod*</span> <span class='ocrx_word' id='word_1_216' title='bbox 1018 4022 1095 4066; x_wconf 87' lang='lat' dir='ltr'>beatis</span> <span class='ocrx_word' id='word_1_217' title='bbox 1116 4022 1265 4079; x_wconf 87' lang='lat' dir='ltr'>martyribus</span> <span class='ocrx_word' id='word_1_218' title='bbox 1279 4023 1329 4068; x_wconf 86' lang='lat' dir='ltr'>tuis</span> 
     </span>
     <span class='ocr_line' id='line_1_42' title="bbox 159 4065 1328 4140; baseline 0.012 -28"><span class='ocrx_word' id='word_1_219' title='bbox 159 4065 244 4123; x_wconf 80' lang='lat' dir='ltr'>Gervssio</span> <span class='ocrx_word' id='word_1_220' title='bbox 253 4084 276 4125; x_wconf 91' lang='lat' dir='ltr'>et</span> <span class='ocrx_word' id='word_1_221' title='bbox 286 4079 399 4124; x_wconf 87' lang='lat' dir='ltr'>Protasio</span> <span class='ocrx_word' id='word_1_222' title='bbox 410 4079 541 4135; x_wconf 87' lang='lat' dir='ltr'>contulisti,</span> <span class='ocrx_word' id='word_1_223' title='bbox 550 4085 577 4124; x_wconf 87' lang='lat' dir='ltr'>ut</span> <span class='ocrx_word' id='word_1_224' title='bbox 588 4095 633 4137; x_wconf 91' lang='lat' dir='ltr'>pro</span> <span class='ocrx_word' id='word_1_225' title='bbox 643 4084 686 4124; x_wconf 92' lang='lat' dir='ltr'>tuo</span> <span class='ocrx_word' id='word_1_226' title='bbox 696 4081 792 4125; x_wconf 90' lang='lat' dir='ltr'>nomine</span> <span class='ocrx_word' id='word_1_227' title='bbox 807 4081 868 4125; x_wconf 90' lang='lat' dir='ltr'>mori</span> <span class='ocrx_word' id='word_1_228' title='bbox 878 4095 927 4125; x_wconf 90' lang='lat' dir='ltr'>non</span> <span class='ocrx_word' id='word_1_229' title='bbox 937 4085 1054 4139; x_wconf 83' lang='lat' dir='ltr'>parerent</span> <span class='ocrx_word' id='word_1_230' title='bbox 1064 4085 1088 4125; x_wconf 90' lang='lat' dir='ltr'>et</span> <span class='ocrx_word' id='word_1_231' title='bbox 1099 4082 1242 4140; x_wconf 85' lang='lat' dir='ltr'>sempiterna</span> <span class='ocrx_word' id='word_1_232' title='bbox 1252 4081 1328 4139; x_wconf 87' lang='lat' dir='ltr'>gloria</span> 
     </span>
     <span class='ocr_line' id='line_1_43' title="bbox 157 4126 630 4197; baseline 0.011 -19"><span class='ocrx_word' id='word_1_233' title='bbox 157 4126 236 4188; x_wconf 69' lang='lat' dir='ltr'>fulgeant</span> <span class='ocrx_word' id='word_1_234' title='bbox 249 4138 392 4197; x_wconf 84' lang='lat' dir='ltr'>interempti.</span> <span class='ocrx_word' id='word_1_235' title='bbox 431 4139 478 4183; x_wconf 92' lang='lat' dir='ltr'>Per</span> <span class='ocrx_word' id='word_1_236' title='bbox 494 4138 630 4184; x_wconf 89' lang='lat' dir='ltr'>Dominum.</span> 
     </span>
    </p>
   </div>
   <div class='ocr_carea' id='block_1_10' title="bbox 154 4207 1329 4327">
    <p class='ocr_par' dir='ltr' id='par_1_29' title="bbox 154 4207 1329 4327">
     <span class='ocr_line' id='line_1_44' title="bbox 196 4207 1328 4269; baseline 0.004 -15"><span class='ocrx_word' id='word_1_237' title='bbox 196 4207 205 4265; x_wconf 78' lang='lat' dir='ltr'>ss</span> <span class='ocrx_word' id='word_1_238' title='bbox 221 4208 269 4256; x_wconf 86' lang='lat' dir='ltr'>MS.</span> <span class='ocrx_word' id='word_1_239' title='bbox 285 4210 488 4256; x_wconf 88' lang='lat' dir='ltr'>D.-Benedictio</span> <span class='ocrx_word' id='word_1_240' title='bbox 506 4215 555 4267; x_wconf 87' lang='lat' dir='ltr'>tua,</span> <span class='ocrx_word' id='word_1_241' title='bbox 572 4210 682 4265; x_wconf 89' lang='lat' dir='ltr'>Domine,</span> <span class='ocrx_word' id='word_1_242' title='bbox 702 4225 848 4267; x_wconf 86' lang='lat' dir='ltr'>quaesumus,</span> <span class='ocrx_word' id='word_1_243' title='bbox 866 4226 908 4269; x_wconf 90' lang='lat' dir='ltr'>per</span> <span class='ocrx_word' id='word_1_244' title='bbox 928 4213 979 4256; x_wconf 80' lang='lat' dir='ltr'>hmo</span> <span class='ocrx_word' id='word_1_245' title='bbox 996 4214 1078 4257; x_wconf 89' lang='lat' dir='ltr'>sancta</span> <span class='ocrx_word' id='word_1_246' title='bbox 1097 4211 1211 4269; x_wconf 85' lang='lat' dir='ltr'>mysteria</span> <span class='ocrx_word' id='word_1_247' title='bbox 1231 4216 1328 4258; x_wconf 87' lang='lat' dir='ltr'>tuorum</span> 
     </span>
     <span class='ocr_line' id='line_1_45' title="bbox 154 4257 1329 4327; baseline 0.007 -16"><span class='ocrx_word' id='word_1_248' title='bbox 154 4257 223 4320; x_wconf 73' lang='lat' dir='ltr'>lfflplcat</span> <span class='ocrx_word' id='word_1_249' title='bbox 231 4270 299 4316; x_wconf 89' lang='lat' dir='ltr'>corda</span> <span class='ocrx_word' id='word_1_250' title='bbox 308 4269 424 4326; x_wconf 89' lang='lat' dir='ltr'>fidelium,</span> <span class='ocrx_word' id='word_1_251' title='bbox 433 4274 490 4315; x_wconf 87' lang='lat' dir='ltr'>utet</span> <span class='ocrx_word' id='word_1_252' title='bbox 499 4273 638 4314; x_wconf 83' lang='lat' dir='ltr'>sanctorum</span> <span class='ocrx_word' id='word_1_253' title='bbox 647 4273 780 4327; x_wconf 84' lang='lat' dir='ltr'>martyrum</span> <span class='ocrx_word' id='word_1_254' title='bbox 792 4274 889 4315; x_wconf 89' lang='lat' dir='ltr'>tuorum</span> <span class='ocrx_word' id='word_1_255' title='bbox 900 4271 1010 4316; x_wconf 84' lang='lat' dir='ltr'>Gervasii</span> <span class='ocrx_word' id='word_1_256' title='bbox 1020 4274 1045 4314; x_wconf 91' lang='lat' dir='ltr'>et</span> <span class='ocrx_word' id='word_1_257' title='bbox 1056 4271 1160 4314; x_wconf 88' lang='lat' dir='ltr'>Protasii</span> <span class='ocrx_word' id='word_1_258' title='bbox 1170 4271 1329 4319; x_wconf 87' lang='lat' dir='ltr'>honorificent</span> 
     </span>
    </p>
   </div>
   <div class='ocr_carea' id='block_1_11' title="bbox 152 4324 1328 4427">
    <p class='ocr_par' dir='ltr' id='par_1_30' title="bbox 152 4324 1328 4427">
     <span class='ocr_line' id='line_1_46' title="bbox 152 4324 1328 4423; baseline 0.006 -52"><span class='ocrx_word' id='word_1_259' title='bbox 152 4324 254 4423; x_wconf 43' lang='lat' dir='ltr'>{jussiones</span> <span class='ocrx_word' id='word_1_260' title='bbox 263 4334 287 4374; x_wconf 89' lang='lat' dir='ltr'>et</span> <span class='ocrx_word' id='word_1_261' title='bbox 302 4329 408 4374; x_wconf 85' lang='lat' dir='ltr'>remedia</span> <span class='ocrx_word' id='word_1_262' title='bbox 424 4329 509 4375; x_wconf 86' lang='lat' dir='ltr'>salutis</span> <span class='ocrx_word' id='word_1_263' title='bbox 523 4332 618 4374; x_wconf 75' lang='lat' dir='ltr'>aeternae</span> <span class='ocrx_word' id='word_1_264' title='bbox 629 4343 682 4386; x_wconf 85' lang='lat' dir='ltr'>quae</span> <span class='ocrx_word' id='word_1_265' title='bbox 697 4333 821 4387; x_wconf 83' lang='lat' dir='ltr'>expetunt,</span> <span class='ocrx_word' id='word_1_266' title='bbox 836 4330 924 4375; x_wconf 88' lang='lat' dir='ltr'>eisdem</span> <span class='ocrx_word' id='word_1_267' title='bbox 939 4330 1146 4386; x_wconf 85' lang='lat' dir='ltr'>patrocinantibus</span> <span class='ocrx_word' id='word_1_268' title='bbox 1160 4336 1328 4388; x_wconf 85' lang='lat' dir='ltr'>assequantur.</span> 
     </span>
     <span class='ocr_line' id='line_1_47' title="bbox 166 4395 190 4427; baseline 0.083 -3"><span class='ocrx_word' id='word_1_269' title='bbox 166 4395 190 4427; x_wconf 79' lang='lat' dir='ltr'>er.</span> 
     </span>
    </p>
   </div>
   <div class='ocr_carea' id='block_1_12' title="bbox 645 4447 806 4498">
    <p class='ocr_par' dir='ltr' id='par_1_31' title="bbox 645 4447 806 4498">
     <span class='ocr_line' id='line_1_48' title="bbox 645 4447 806 4498; baseline 0.012 -10"><span class='ocrx_word' id='word_1_270' title='bbox 645 4447 656 4470; x_wconf 69' lang='lat'>⁴*</span> <span class='ocrx_word' id='word_1_271' title='bbox 671 4448 806 4498; x_wconf 72' lang='lat' dir='ltr'>als-quas.</span> 
     </span>
    </p>
   </div>
   <div class='ocr_carea' id='block_1_13' title="bbox 0 0 1465 4904">
    <p class='ocr_par' dir='ltr' id='par_1_32' title="bbox 0 0 1465 4904">
     <span class='ocr_line' id='line_1_49' title="bbox 0 0 1465 4904; baseline 0 0"><span class='ocrx_word' id='word_1_272' title='bbox 0 0 1465 4904; x_wconf 95' lang='lat' dir='ltr'> </span> 
     </span>
    </p>
   </div>
  </div>
 </body>
</html>
