2910 4904
129 298 192 361 314
664 297 781 362 Proaae.

127 462 257 539 Mystica
269 469 420 540 patrantes
432 465 524 542 signa,
539 483 666 541 superno
679 483 744 521 rore
757 482 835 520 nova
846 462 950 520 bibula
961 461 1115 519 madidant
1127 461 1247 521 intima

126 544 211 616 Ecce,
227 543 354 617 Christe,
369 565 449 603 nunc
462 551 580 603 caterva
592 551 646 602 tua
659 545 692 601 in
704 544 759 602 hac
772 545 841 602 aula
858 544 994 601 decantat
1011 542 1152 615 carmina,
1167 548 1206 599 ut
1218 542 1326 601 calesti

205 626 355 701 permixta
367 626 479 703 agmini
487 626 645 683 indiscrete
658 625 738 683 dicat
749 644 828 683 nova
840 623 898 682 tibi
910 642 1046 699 promens
1059 623 1182 681 cantica.

126 704 172 762 Sit
185 707 323 782 perennis
336 707 466 765 Domino
479 708 581 784 gloria,
596 706 692 777 decus,
704 707 806 778 honor,
817 710 947 782 potestas
960 723 1013 781 per
1022 703 1136 776 saecula,
1151 704 1208 781 qui
1219 703 1328 763 tribuit

204 787 336 864 Spiritus
348 789 474 864 gratiam
487 789 624 845 omnibus
637 807 690 864 per
703 807 774 845 arra
788 786 840 863 qui
853 792 1020 863 sequuntur
1033 785 1096 862 ejus
1110 785 1235 849 monita.

125 867 277 926 Poscimus
290 862 392 927 onmes
404 875 458 926 tua
470 869 615 945 supplices
628 868 784 945 magnalia,

125 948 172 1006 Ut
187 948 313 1007 Sanctus
326 955 428 1007 nostra
441 950 570 1026 Spiritus
583 949 746 1007 emundans
759 948 868 1007 intima

124 1028 260 1088 Illustrat
273 1031 350 1089 clare
363 1030 472 1107 sophia.
515 1030 663 1106 Alleluya.

643 1206 799 1320 LXXIX„
810 1315 813 1321 .

604 1380 704 1439 Fran
716 1396 837 1438 ranna

263 1463 365 1520 Proaa.
408 1460 556 1537 Alleluya.'

203 1557 323 1628 Gaura,
345 1574 448 1616 narra
469 1558 628 1631 Eccnssra,
643 1559 772 1616 filiorum
786 1557 944 1635 adoptione
956 1557 1122 1626 fecundata,

204 1639 285 1709 Quos
298 1639 427 1717 Spiritus
440 1640 572 1698 almiflua
586 1647 759 1716 cooperante
773 1638 876 1696 Sancti
887 1639 1043 1715 parturisti
1054 1638 1160 1715 gratia.

203 1721 243 1777 In
255 1720 303 1777 his
316 1740 384 1797 ergo
397 1720 502 1778 devote
516 1741 597 1779 sacra
609 1719 771 1779 sollemniis
784 1738 880 1796 pange
893 1718 959 1777 Deo
972 1720 1094 1792 cantica,

203 1801 319 1871 Quibus
333 1801 459 1859 Sanctus
473 1802 638 1860 Paraclitus
651 1802 776 1877 largitus
789 1806 834 1859 est
848 1800 933 1857 nobis
947 1819 1000 1857 sua
1013 1799 1202 1859 charismata.

202 1882 271 1939 Hac
284 1902 411 1959 namque
424 1884 456 1939 in
470 1883 518 1941 die
530 1882 685 1960 repentino
698 1883 797 1939 sonitu
811 1880 922 1938 mundo
935 1881 1092 1939 intonante
1105 1880 1181 1939 hora
1194 1884 1284 1941 tertia

201 1962 354 2040 Apparens
364 1965 397 2020 in
406 1964 474 2039 igne
484 1964 673 2021 alumnorum
680 1971 799 2039 pectora
806 1962 920 2019 virtute
929 1962 1031 2018 divina
1044 1962 1143 2019 reddit
1151 1962 1321 2041 flagranti„

203 2043 337 2112 Quorum
350 2045 503 2120 praeconiis
515 2065 597 2102 sacra
609 2051 786 2102 emanarunt
800 2043 870 2100 vitae
883 2043 1030 2119 dogmata,

202 2123 317 2192 Quibus
331 2144 384 2182 nos
397 2127 574 2183 mundantes
588 2126 657 2182 viva
670 2125 758 2200 digne
772 2124 829 2181 sibi
842 2142 1040 2203 praeparemus
1052 2122 1175 2201 templa,

202 2204 266 2262 Nos
279 2206 336 2262 sibi
350 2206 496 2282 possideat
509 2207 651 2283 quatinus
664 2205 841 2269 habitacula,

201 2284 365 2362 Secumque
377 2307 430 2344 nos
444 2288 481 2345 ad
495 2308 548 2345 sua
561 2286 733 2345 transvehat
746 2285 864 2362 palatia,

200 2366 265 2425 Ubi
278 2374 420 2444 perpetua
433 2388 598 2426 mereamur
607 2367 765 2446 jocundari
777 2366 879 2442 gloria,

199 2447 300 2523 Atque
313 2450 376 2506 sine
389 2449 448 2506 fine
461 2469 531 2507 voce
546 2450 643 2506 Deum
657 2449 777 2505 laudare
790 2447 966 2523 hymnidica.

201 2528 329 2604 Spiritus
343 2530 419 2588 alme
432 2550 486 2587 nos
499 2530 583 2587 vitiis
597 2529 714 2598 munda,
729 2529 877 2586 virtutum
890 2528 1012 2584 fioribus
1024 2546 1106 2599 orna,

199 2608 245 2666 Sit
258 2611 316 2667 tibi
328 2611 422 2687 gloria
435 2632 503 2669 cum
516 2611 606 2669 Patre
620 2618 650 2668 et
664 2610 755 2680 Nato,
769 2609 822 2686 qui
834 2627 939 2685 regnas
952 2628 1029 2666 unus
1042 2609 1125 2667 Deus
1137 2626 1193 2685 per
1205 2608 1294 2667 nacla

649 2839 784 2897 LXXX.

499 2962 619 3020 Psaros
638 2978 752 3020 aaaron
771 2960 937 3020 chamna*

258 3042 421 3116 Sequentia.

199 3135 316 3192 Psaros
337 3153 448 3194 armos
468 3153 607 3194 caninus
622 3137 755 3212 jubilans
770 3136 899 3193 Domino
912 3130 1044 3195 turniula

199 3216 332 3273 Praesens
346 3237 506 3274 meracum
520 3218 701 3294 symphonia.

198 3294 262 3372 Ipsi
276 3317 345 3353 nam
359 3298 498 3355 condecet
511 3299 575 3355 laus
590 3297 644 3374 (et)
659 3299 770 3374 gloria;

199 3377 295 3446 Quem
308 3379 410 3435 laudat
423 3379 456 3435 in
470 3381 539 3436 caelo
553 3379 685 3454 angelica
698 3379 837 3436 universa
849 3380 988 3456 dignitas.

198 3458 230 3514 Is
244 3459 323 3514 enim
338 3461 409 3531 caeli,
424 3466 520 3533 terrac,
535 3461 711 3530 machinam,

198 3538 331 3616 Pelagus,
345 3547 435 3616 atque
449 3561 487 3597 ex
500 3542 594 3598 nihilo
608 3561 674 3616 quae
688 3547 759 3597 sunt
773 3541 885 3599 creavit
898 3542 1005 3599 omnia.

198 3620 231 3677 Is
244 3620 389 3696 dejectum
404 3621 631 3679 Paradisicolnm
644 3622 766 3679 reduxit
778 3622 816 3679 ad
829 3628 940 3679 aeterna
952 3623 1024 3679 vitre
1037 3641 1154 3699 pascua,

199 3701 324 3758 Carnem
332 3721 448 3758 sumens
456 3722 509 3778 pro
517 3703 769 3760 nobishumanaur
777 3709 866 3760 natus
875 3709 968 3760 matre
976 3702 1012 3761 de
1021 3722 1093 3761 vcra
1099 3702 1312 3775 saanaria,

197 3782 323 3859 Virgine
337 3789 424 3840 casta.

196 3863 280 3920 Hinc
292 3864 387 3920 crucis
400 3864 540 3939 mysterio
554 3864 709 3922 devastans
723 3871 848 3921 mortem
863 3865 990 3922 claustra
1001 3864 1094 3942 fregit
1107 3865 1273 3924 infernalis.

197 3943 430 4021 Chirographum
445 3945 574 4020 antiquae
588 3945 837 4019 praevaricationis
851 3945 950 4002 delens
963 3951 1059 4003 morte
1072 3965 1134 4005 sua.

197 4023 246 4081 Sic
259 4045 389 4101 surgens,
408 4025 535 4082 Zabulos
548 4027 740 4102 triumphato,
755 4026 802 4083 die
817 4026 906 4083 tertia

198 4105 289 4174 Qneis
302 4109 371 4163 fisus
385 4106 482 4163 fuerat
495 4107 558 4182 ejus
571 4127 654 4164 arma
667 4107 763 4165 aufert
777 4107 876 4165 omnia

198 4185 283 4244 Forti
296 4186 420 4244 dextra:

198 4267 330 4344 Ejusque
344 4275 450 4326 cuncta
463 4268 555 4345 spolia
568 4269 710 4346 diripiens
723 4268 805 4326 vehit
815 4288 913 4326 secum
927 4266 966 4326 ad
977 4273 1067 4339 astra,

401 4420 414 4443 ⁵
429 4419 549 4465 Harsiord
558 4419 686 4464 Missal-“
695 4419 766 4465 Foris
776 4424 844 4466 sexta
853 4422 909 4479 post
919 4418 1034 4465 Pascha!
1122 4464 1126 4471 ,
