2910 4904
168 305 210 366 82
627 302 724 367 Festa
745 300 907 387 Aegaea.

225 469 403 608 iiidieiianda
415 549 510 622 nobis,
525 549 663 621 Domine,
679 549 768 625 hujus
782 549 841 607 diei
853 548 1000 606 festivitas
1017 567 1103 625 opem
1117 545 1252 607 conferat
1263 545 1369 622 sempi-

164 635 289 704 ternam,
300 631 333 688 in
343 650 403 707 qua
416 636 518 689 sancta
529 631 587 688 Dei
596 631 735 707 genetrix
747 636 874 688 mortem
888 630 981 687 subiit
989 628 1190 707 temporalem,
1199 647 1256 687 nee
1269 632 1370 685 tamen
1436 694 1443 717 ι

164 711 268 768 mortis
281 712 407 770 nexibus
420 711 547 788 deprimi
559 712 668 787 potuit,
684 732 749 788 quae
764 711 876 769 Filium
893 716 981 769 tuum
999 711 1164 770 Dominum
1179 713 1320 767 nostrum
1336 707 1372 767 de

164 811 195 850 se
207 792 312 870 genuit
324 793 518 850 incarnatum.
563 792 623 861 Qui
635 798 741 850 tecum.

223 884 319 944 Lectio
333 886 401 945 libri
414 884 574 961 Sapientia
593 884 716 962 (Ecelas
739 885 813 943 axia.
833 885 948 962 11-20).

223 967 262 1024 In
277 967 414 1025 omnibus
426 967 560 1043 requiem
573 967 697 1042 quaesivi
709 987 800 1041 aeque
814 968 855 1024 ad
869 966 938 1024 dedi
950 965 1129 1023 suavitatem
1141 962 1248 1023 odoris

226 1058 362 1117 Gradale.
404 1059 531 1135 Propter
550 1059 714 1116 veritatem.

171 1139 199 1198 V.
226 1139 312 1197 Audi
332 1140 401 1197 filia.

224 1220 373 1296 Alleluya.
422 1221 450 1280 V.
474 1220 574 1278 Hodie
588 1220 686 1278 Maria
698 1221 783 1297 virgo
797 1221 882 1278 caelos
896 1221 1045 1278 ascendit:
1065 1218 1192 1296 gaudete
1211 1216 1283 1294 quia
1303 1234 1371 1275 eum

164 1301 283 1359 Christo
297 1307 401 1378 regnat
414 1302 446 1358 in
460 1307 610 1359 aeternam.

223 1380 313 1439 Ietad
334 1383 477 1458 Alleluya
498 1383 616 1440 dicatur
639 1383 692 1440 leae
717 1383 762 1440 die
788 1392 813 1440 et
833 1382 992 1440 Domiae'ca
1015 1379 1100 1455 infra
1129 1380 1253 1438 Oetaeae
1277 1385 1305 1436 et
1325 1376 1373 1435 die

169 1463 276 1520 Octava
287 1472 410 1521 tantam.
446 1463 524 1520 Aliis
534 1485 598 1521 aero
609 1464 709 1521 diebus
718 1462 802 1538 infla
816 1465 943 1535 Oetaeae,
958 1462 1108 1537 Alleluya.
1151 1460 1180 1519 V.
1204 1459 1372 1534 Assumpta

164 1549 209 1600 est
243 1544 343 1601 Maria
376 1545 408 1601 in
442 1545 566 1602 caelum:
603 1545 734 1622 gaudent
767 1545 865 1620 angeli
895 1549 926 1601 et
956 1543 1157 1601 collaudantes
1190 1539 1373 1599 benedicunt

164 1624 349 1682 Dominum.¹

223 1715 387 1792 Sequentia.

161 1799 194 1855 A
207 1817 257 1855 rea
270 1799 355 1874 virga
368 1798 470 1875 primae
484 1799 588 1856 matris
603 1799 674 1856 Evae
689 1799 795 1856 florens
809 1818 875 1855 rosa
888 1797 1031 1874 processit
1046 1795 1163 1853 Maria:

163 1878 269 1936 Oritur
282 1884 317 1935 ut
331 1879 435 1936 lucifer
448 1880 528 1937 inter
541 1886 621 1937 astra
635 1880 769 1952 aetherea,
788 1879 964 1955 perpulchra
977 1884 1013 1934 ut
1023 1878 1102 1935 luna

163 1959 331 2035 Fragraacit
344 1960 424 2017 ultra
438 1961 538 2017 omnia
550 1961 688 2032 balsama,
703 1962 862 2037 pigmenta,
879 1966 909 2017 et
922 1959 1137 2035 thymiamata:

162 2040 318 2115 Purpurea
331 2046 366 2097 ut
379 2040 467 2111 viola,
482 2041 596 2098 roscida
609 2048 644 2098 ut
658 2061 732 2111 rosa,
748 2042 874 2098 candens
888 2046 924 2097 ut
937 2041 1001 2097 lilia
1014 2061 1020 2097 τ

162 2120 262 2177 Patris
283 2121 392 2178 summi
419 2141 508 2197 quam
532 2122 620 2198 elegit
647 2122 742 2198 proles
767 2120 867 2193 Deice,
892 2126 928 2178 ut
948 2124 1112 2178 assumeret
1131 2136 1251 2176 carnem
1279 2135 1375 2175 sacro-

241 2207 373 2258 sanctam
387 2222 424 2259 11
438 2203 563 2278 virginis
577 2222 664 2259 carne
678 2203 857 2278 incorrupta

163 2279 265 2338 Celsus
288 2282 411 2339 nuntiat
435 2282 556 2340 Gabriel
583 2303 662 2340 nova
688 2284 804 2359 gaudia,
827 2284 931 2341 11111111
963 2282 1041 2359 regis
1065 2285 1204 2339 exortum
1225 2279 1260 2336 in
1281 2284 1372 2351 terra,

243 2368 428 2438 matremque
442 2365 506 2439 ejus
519 2364 563 2421 ita
576 2365 705 2435 salutat3

162 2442 239 2514 Ave,
254 2442 362 2517 Maria,
378 2445 502 2502 Domini
515 2446 574 2502 mei
588 2451 683 2503 mater
696 2445 783 2518 alma,
798 2445 897 2502 caelica
909 2444 998 2521 plena
1011 2443 1127 2520 gratia,

162 2522 210 2579 Tu
223 2524 378 2583 benedicta
392 2545 490 2602 regem
504 2527 537 2583 in
551 2527 657 2584 saccula
670 2527 775 2601 paries,
791 2527 894 2583 effecta
907 2525 986 2583 orbis
1000 2524 1111 2600 regina.

163 2603 302 2662 Fecunda
322 2626 400 2682 ergo,
418 2607 527 2682 inquit,
545 2609 691 2683 quomodo
708 2627 769 2664 esse
788 2627 902 2682 queam,
922 2626 990 2663 cum
1007 2607 1105 2661 virum
1121 2623 1183 2660 non
1200 2620 1370 2680 agnoscam,

244 2705 282 2742 cx
296 2706 354 2762 quo
368 2707 434 2744 sum
447 2694 526 2757 nata,
541 2689 592 2746 sed
605 2709 720 2764 semper
733 2707 908 2764 permanens
921 2688 1006 2762 virgo
1019 2685 1148 2760 pudical

163 2765 211 2823 Ne
224 2766 339 2837 timeas,
356 2770 506 2844 respondit
520 2769 674 2845 Angelus,
700 2769 842 2826 Sanctum
859 2768 994 2826 Pneuma
1008 2765 1163 2824 descendet
1175 2764 1210 2821 in
1223 2769 1264 2836 te,
1280 2769 1373 2835 casta,

245 2866 304 2921 quo
317 2847 482 2905 foecundata
495 2850 591 2925 paries
605 2851 703 2906 Deum
718 2855 748 2906 et
762 2850 912 2906 hominem
925 2869 993 2905 una

166 2925 191 2982 Ο
215 2946 281 2984 vere
300 2934 402 2985 sancta
420 2935 509 3005 atque
529 2931 662 3001 amanda,
685 2951 723 2987 ex
743 2951 802 3006 qua
823 2936 868 2987 est
887 2936 953 2986 orta
972 2927 1138 3005 redemptio
1158 2930 1272 2999 nostra,
1293 2924 1374 2982 salua

245 3026 361 3084 quoque
375 3011 486 3082 mundi,
502 3031 629 3087 veraque
643 3012 713 3068 vita.

166 3086 191 3143 Ο
217 3087 275 3145 1)11
299 3090 395 3146 nostri
417 3091 548 3166 genitrix
571 3093 627 3167 pia,
651 3093 764 3168 suscipe
787 3097 889 3149 nostra
909 3091 964 3148 hac
987 3090 1036 3147 die
1056 3093 1185 3166 precata,
1207 3087 1242 3143 in
1262 3104 1323 3162 qua
1343 3104 1374 3144 es

245 3177 395 3245 assumpta
413 3171 450 3227 ad
468 3173 532 3228 ercli
545 3173 680 3230 claustra.

166 3247 212 3303 Tu
228 3267 258 3306 es
276 3250 356 3306 enim
375 3250 465 3308 Patri·
478 3271 552 3324 cara,
573 3254 619 3310 Tu
637 3274 668 3310 es
686 3254 708 3311 J
709 3274 759 3310 esu
781 3259 877 3311 mater
894 3253 981 3325 bona,
1000 3252 1048 3309 Tu
1066 3249 1169 3308 Sancti
1188 3247 1322 3326 Spiritus
1343 3266 1375 3306 es

247 3331 392 3406 templum
405 3332 491 3390 facta.

167 3411 212 3467 Tu
226 3429 257 3467 es
270 3411 393 3486 pulchra
407 3413 465 3470 Dei
479 3434 593 3490 sponsa,
610 3415 656 3471 Tu
674 3435 772 3490 regom
787 3415 940 3471 Christum
954 3414 1052 3483 enixa,
1067 3412 1190 3469 domina
1202 3430 1234 3469 es
1247 3410 1282 3467 in
1299 3409 1375 3468 caelo

247 3492 331 3548 etin
351 3497 437 3552 terra.

165 3571 265 3628 Hodie
281 3591 409 3649 namquo
427 3575 515 3632 curiae
536 3576 658 3633 caelestis
678 3577 736 3633 tibi
757 3576 874 3632 obuiam
896 3576 1015 3652 agmina
1036 3580 1068 3632 te
1089 3576 1316 3649 assumpserunt
1336 3571 1376 3630 ad

247 3652 359 3728 palatia
379 3655 517 3727 stellata,

166 3732 187 3789 J
189 3751 255 3789 osus
275 3738 305 3790 ct
326 3734 389 3809 ipse
413 3735 537 3793 festivus
556 3738 613 3793 tibi
634 3738 724 3793 matri
745 3758 812 3794 cum
834 3737 945 3812 angelis
968 3754 1132 3809 occurrens,
1157 3734 1226 3793 sede
1247 3737 1376 3811 paterna

247 3832 346 3871 secum
366 3815 476 3872 locavit
496 3817 528 3873 in
549 3818 661 3877 saecula.

166 3893 237 3950 dam
251 3914 319 3952 cum
333 3894 398 3952 Deo
412 3916 534 3973 regnas,
549 3905 649 3955 nostra
663 3919 769 3955 excusa
783 3899 909 3956 clemens
923 3900 1010 3970 mala,
1024 3917 1147 3975 poscens
1160 3901 1271 3955 cuncta
1284 3895 1373 3955 bona

249 3975 275 4032 Ο
296 3976 424 4051 benigna

168 4054 331 4113 Mediatrix
344 4064 453 4123 nostra,
469 4079 534 4134 quae
548 4079 578 4116 es
592 4066 658 4135 post
673 4061 770 4116 Deum
784 4080 849 4136 spes
863 4060 932 4132 sola,
949 4066 1002 4117 tuo
1016 4060 1079 4117 filio
1094 4079 1149 4117 nos
1162 4066 1356 4136 repraesenta,

168 4135 260 4193 Utin
274 4136 334 4213 poli
348 4137 492 4195 1111111111
507 4140 669 4215 jubilemus
683 4161 791 4198 omnes,
835 4142 983 4218 Alleluya.

227 4243 393 4303 Secundam
413 4246 524 4304 Lucam
545 4246 588 4322 (a.
606 4249 726 4321 3842).

229 4324 267 4381 In
291 4326 343 4383 illo
367 4332 507 4404 tempore,
532 4329 664 4386 Intravit
686 4331 775 4387 Jesus
798 4331 831 4387 in
858 4331 1007 4407 quoddam
1029 4330 1187 4389 castellum
1215 4351 1309 4409 aeque
1336 4329 1377 4390 ad

168 4402 266 4462 111111
279 4407 423 4481 optimam
436 4415 551 4486 partem
565 4411 663 4488 clegit,
678 4431 744 4486 (puae
758 4431 820 4469 non
834 4413 988 4470 auferetur
1001 4414 1039 4471 ab
1053 4431 1095 4472 ea.

229 4484 330 4546 Credo.
