2910 4904
576 265 673 328 Festa
693 265 877 329 Jauaarii.

231 498 359 555 Suana
379 498 509 568 Pmscs,
531 515 666 555 visensis
688 517 726 555 er
746 516 906 556 usnrrnrs
950 498 1013 577 (xv.
1030 498 1101 557 Kal.
1119 499 1204 575 Feb.)

187 633 329 707 Officium.
373 634 529 709 Loquebar
541 634 578 690 de
592 634 779 690 testimoniis.

187 715 297 772 Oratio,

186 796 242 865 Da,
263 814 439 870 quaesumus,
457 795 643 869 omnipotens
664 795 756 865 Deus,
776 804 811 850 ut
833 794 885 869 qui
906 795 999 851 beatae
1020 794 1129 850 Priseae
1151 793 1279 870 virginis
1301 799 1332 851 et

126 878 265 951 martyris
279 888 338 932 tuae
353 876 490 932 natalitia
502 876 633 945 colimne,
649 884 680 931 et
697 895 797 932 annua
815 876 1013 932 sollemnitate
1031 875 1177 945 laetemur,
1191 882 1224 932 et
1238 880 1333 931 tantae

125 959 195 1014 fidei
208 957 396 1032 proficiamus
409 956 551 1031 exemplo.
595 957 662 1013 Per.

190 1037 329 1112 Epistola.
372 1037 500 1093 Domine
514 1037 597 1093 Deus
611 1057 701 1094 meus.

189 1118 325 1175 (Ji-achile.
366 1117 468 1192 Specie
482 1124 542 1173 tua

187 1199 337 1273 Alleluya.
386 1198 415 1254 V.
438 1198 585 1254 AEmulor.

188 1280 388 1353 Evanpelium.
433 1279 535 1335 Simile
549 1285 594 1334 est
607 1298 731 1352 reguum
746 1278 884 1334 caelorum
897 1278 1044 1337 thesauro.

189 1360 383 1433 Offertorium.
427 1358 511 1415 Filiae
531 1379 642 1434 regum.

189 1442 311 1499 Secreta

188 1522 306 1590 Hostia,
322 1540 498 1597 quaesumus,
515 1520 653 1588 Domine,
675 1540 765 1594 quam
788 1520 820 1575 in
844 1526 1012 1576 sanctorum
1037 1526 1161 1576 tuorum
1184 1519 1334 1576 natalitiis

127 1610 311 1660 recensentes
325 1602 482 1673 offerimus,
497 1608 528 1657 et
540 1601 659 1657 xincubt
672 1608 780 1656 nostrae
794 1601 950 1675 pravitatis
963 1601 1106 1670 absolvat,
1121 1608 1153 1658 et
1171 1608 1233 1658 tuae
1247 1601 1335 1658 nobis

128 1684 332 1741 misericordiae
346 1684 424 1739 <lona
437 1682 581 1738 conciliet.
625 1680 684 1738 Per
697 1681 861 1737 Dominum
874 1688 1016 1738 nostrum.

190 1764 372 1822 Comiicaaio.
416 1762 485 1820 Feci
495 1763 650 1838 judicium.

189 1845 430 1901 Pestcommuaie.
554 1899 557 1908 ,

190 1927 374 1995 Quaesumus,
385 1924 522 1994 Domine,
535 1923 714 1980 salutaribus
726 1923 1164 1999 1·epletimuneribus,utcujus
1178 1923 1336 1981 sollemnia

128 2006 309 2063 celebramus
322 2007 385 2081 ejus
399 2005 581 2061 orationibus
595 2005 776 2079 adjuvemur.
820 2004 886 2060 Per.

330 2219 817 2288 Sucrersusxiel,uiarra1s.
863 2216 935 2294 (xiv.
953 2217 1023 2274 Kal.
1042 2215 1129 2293 Feb.)

193 2348 333 2422 Officium.
378 2349 542 2404 Laetabitur
551 2350 658 2422 justus,

193 2430 304 2486 Oratio.
347 2429 468 2497 Praesta,
484 2448 659 2503 quaesumus,
675 2430 709 2485 in
723 2427 885 2486 (loriniani.

192 2510 333 2585 Epistola.
377 2509 525 2566 Dominus
538 2509 614 2565 mihi
626 2509 751 2565 adstitit.

194 2591 328 2649 Gradule.
371 2590 482 2646 Beatus
496 2591 550 2646 vir.

191 2672 339 2746 Alleluya
389 2670 417 2727 V.
440 2670 462 2726 J
464 2678 549 2726 ustus
563 2679 599 2726 ut
612 2670 718 2744 palma.

194 2753 394 2825 lt'vanqetiam.
439 2751 471 2806 Si
485 2752 552 2825 quis
565 2752 648 2806 venit
661 2751 699 2806 ad
713 2770 766 2806 me.

195 2833 389 2905 Offertoriam.
433 2831 471 2887 In
486 2832 606 2888 virtute.

195 2913 373 2971 Coranteaio.
418 2911 478 2980 Qui
492 2911 558 2967 vult
572 2911 673 2968 venire
686 2917 753 2987 post
767 2930 821 2968 me.

221 3133 333 3190 siu-u
354 3133 489 3188 anffl
504 3148 543 3187 ar
557 3130 750 3199 Seorsum,
766 3147 946 3188 usarrnuu.
986 3129 1062 3206 (xiii.
1078 3130 1148 3190 Kal
1166 3130 1253 3208 Feb.)

197 3265 336 3339 Officium.
381 3265 480 3321 Intret
495 3265 526 3320 in
541 3271 705 3338 conspectu.

198 3346 307 3403 Oratio.

195 3427 407 3483 Infirmitatem
434 3433 565 3482 nostram
592 3426 710 3499 respice,
735 3425 921 3500 omnipotens
949 3423 1040 3495 Deus,
1070 3431 1101 3481 et
1122 3425 1194 3500 quia
1221 3425 1342 3500 pondus

135 3507 260 3584 propriae
278 3508 402 3563 actionis
422 3512 534 3582 gravat,
553 3506 632 3562 beat-i
651 3505 775 3562 Fabiani
792 3506 931 3580 martyris
949 3505 996 3561 tui
1013 3512 1102 3581 atque
1123 3506 1276 3583 pontificis
1296 3507 1344 3564 in·

135 3588 271 3645 tereessio
284 3587 377 3662 gloria
391 3607 444 3643 nos
457 3593 601 3662 protegat.

196 3668 269 3724 Atia
283 3667 385 3725 Oratio
399 3668 452 3725 seih
466 3669 564 3724 amem
579 3667 764 3724 conclusione.

197 3750 287 3819 Daue,
304 3750 357 3824 qui
370 3750 489 3804 beatum
511 3748 725 3817 Sebastianum,
740 3753 901 3821 martyrem
921 3752 1017 3814 tuum,
1033 3749 1148 3804 virtute
1162 3749 1343 3806 constantiae

136 3833 169 3887 in
183 3830 316 3904 passione
338 3830 503 3886 roborasti:
524 3849 563 3884 ex
584 3829 648 3902 ejus
669 3829 754 3884 nobis
775 3828 942 3884 imitatione
964 3829 1063 3885 tribue
1084 3849 1139 3904 pro
1161 3850 1264 3887 amore
1286 3836 1343 3888 tuo

138 3930 274 3988 prospera
288 3910 392 3966 muudi
406 3909 561 3984 despicere,
575 3916 606 3964 et
619 3908 703 3965 nulla
717 3910 782 3983 ejus
795 3909 920 3964 adversa
933 3909 1101 3968 formidare.
1145 3910 1214 3968 Per.

203 3991 371 4064 Ubicunque
391 4009 455 4046 cero
474 3991 540 4046 dae
557 3989 708 4046 Orationes
721 3990 871 4061 diceuzter,
888 3989 985 4060 attic,
1000 3990 1053 4047 sab
1067 4011 1131 4048 uice
1145 3991 1341 4064 conclusione,

138 4073 225 4149 qicasi
233 4091 290 4145 pro
303 4093 367 4128 eirca
380 4071 479 4127 debent
492 4070 596 4126 baberi.

199 4153 338 4227 Epistol.
383 4151 484 4208 Sancti
497 4170 550 4225 per
562 4150 658 4207 fidem.

201 4233 333 4290 Gradale.
377 4232 535 4290 Gloriosus.

199 4314 348 4388 Alleluya.
397 4313 426 4369 V.
449 4312 550 4369 Sancti
565 4311 620 4382 tui,
636 4313 771 4380 Domine,
786 4312 968 4369 benedicent.

200 4394 363 4470 Sequentia.
394 4393 469 4450 Ecce
480 4392 611 4468 pulchra,
623 4403 657 4451 at
666 4394 700 4451 ia
711 4394 889 4462 (Ιοηιιηανιί,Ι
910 4393 954 4450 cel
965 4393 1098 4466 Tractus,
1110 4393 1172 4463 Qui
1182 4395 1345 4471 seminant,
