<?xml version="1.0" encoding="UTF-8"?>
<!DOCTYPE html PUBLIC "-//W3C//DTD XHTML 1.0 Transitional//EN"
    "http://www.w3.org/TR/xhtml1/DTD/xhtml1-transitional.dtd">
<html xmlns="http://www.w3.org/1999/xhtml" xml:lang="en" lang="en">
 <head>
  <title>
</title>
<meta http-equiv="Content-Type" content="text/html;charset=utf-8" />
  <meta name='ocr-system' content='tesseract 3.04.00' />
  <meta name='ocr-capabilities' content='ocr_page ocr_carea ocr_par ocr_line ocrx_word'/>
</head>
<body>
  <div class='ocr_page' id='page_1' title='image "./missaleadusumin01churgoog_0050.png"; bbox 0 0 2910 4904; ppageno 0'>
   <div class='ocr_carea' id='block_1_1' title="bbox 540 308 849 374">
    <p class='ocr_par' dir='ltr' id='par_1_1' title="bbox 540 308 849 374">
     <span class='ocr_line' id='line_1_1' title="bbox 540 308 849 374; baseline 0.003 -2"><span class='ocrx_word' id='word_1_1' title='bbox 540 310 637 374; x_wconf 84' lang='lat' dir='ltr'><strong>Festa</strong></span> <span class='ocrx_word' id='word_1_2' title='bbox 657 308 849 374; x_wconf 81' lang='lat' dir='ltr'><strong>Februarii.</strong></span> 
     </span>
    </p>
   </div>
   <div class='ocr_carea' id='block_1_2' title="bbox 90 475 1294 1442">
    <p class='ocr_par' dir='ltr' id='par_1_2' title="bbox 90 475 1294 1442">
     <span class='ocr_line' id='line_1_2' title="bbox 90 475 835 552; baseline 0.001 -19"><span class='ocrx_word' id='word_1_3' title='bbox 90 475 179 533; x_wconf 87' lang='lat' dir='ltr'><strong>Audi</strong></span> <span class='ocrx_word' id='word_1_4' title='bbox 192 495 255 548; x_wconf 89' lang='lat' dir='ltr'><strong>nos,</strong></span> <span class='ocrx_word' id='word_1_5' title='bbox 270 495 341 532; x_wconf 89' lang='lat' dir='ltr'><strong>nam</strong></span> <span class='ocrx_word' id='word_1_6' title='bbox 354 481 384 533; x_wconf 88' lang='lat' dir='ltr'><strong>te</strong></span> <span class='ocrx_word' id='word_1_7' title='bbox 398 476 477 533; x_wconf 88' lang='lat' dir='ltr'><strong>filius</strong></span> <span class='ocrx_word' id='word_1_8' title='bbox 490 476 567 533; x_wconf 90' lang='lat' dir='ltr'><strong>nihil</strong></span> <span class='ocrx_word' id='word_1_9' title='bbox 580 496 690 552; x_wconf 88' lang='lat' dir='ltr'><strong>negans</strong></span> <span class='ocrx_word' id='word_1_10' title='bbox 703 476 835 535; x_wconf 89' lang='lat' dir='ltr'><strong>honorat.</strong></span> 
     </span>
     <span class='ocr_line' id='line_1_3' title="bbox 93 556 884 633; baseline 0.004 -20"><span class='ocrx_word' id='word_1_11' title='bbox 93 556 185 613; x_wconf 84' lang='lat' dir='ltr'><strong>Salva</strong></span> <span class='ocrx_word' id='word_1_12' title='bbox 199 576 261 628; x_wconf 89' lang='lat' dir='ltr'><strong>nos,</strong></span> <span class='ocrx_word' id='word_1_13' title='bbox 276 557 299 614; x_wconf 86' lang='lat' dir='ltr'><strong>J</strong></span> <span class='ocrx_word' id='word_1_14' title='bbox 300 577 358 627; x_wconf 86' lang='lat' dir='ltr'><strong>esu,</strong></span> <span class='ocrx_word' id='word_1_15' title='bbox 373 577 427 633; x_wconf 92' lang='lat' dir='ltr'><strong>pro</strong></span> <span class='ocrx_word' id='word_1_16' title='bbox 441 559 549 633; x_wconf 91' lang='lat' dir='ltr'><strong>quibus</strong></span> <span class='ocrx_word' id='word_1_17' title='bbox 562 557 645 633; x_wconf 84' lang='lat' dir='ltr'><strong>virgo</strong></span> <span class='ocrx_word' id='word_1_18' title='bbox 659 564 753 614; x_wconf 87' lang='lat' dir='ltr'><strong>mater</strong></span> <span class='ocrx_word' id='word_1_19' title='bbox 766 563 797 615; x_wconf 91' lang='lat' dir='ltr'><strong>te</strong></span> <span class='ocrx_word' id='word_1_20' title='bbox 811 565 884 616; x_wconf 88' lang='lat' dir='ltr'><strong>orat.</strong></span> 
     </span>
     <span class='ocr_line' id='line_1_4' title="bbox 93 637 1129 714; baseline 0 -18"><span class='ocrx_word' id='word_1_21' title='bbox 93 637 144 696; x_wconf 89' lang='lat' dir='ltr'><strong>Da</strong></span> <span class='ocrx_word' id='word_1_22' title='bbox 157 637 272 694; x_wconf 86' lang='lat' dir='ltr'><strong>fontem</strong></span> <span class='ocrx_word' id='word_1_23' title='bbox 285 639 355 695; x_wconf 85' lang='lat' dir='ltr'><strong>vitae</strong></span> <span class='ocrx_word' id='word_1_24' title='bbox 369 639 463 695; x_wconf 90' lang='lat' dir='ltr'><strong>visere</strong></span> <span class='ocrx_word' id='word_1_25' title='bbox 479 659 484 695; x_wconf 96' lang='lat'><strong>:</strong></span> <span class='ocrx_word' id='word_1_26' title='bbox 509 638 546 694; x_wconf 91' lang='lat' dir='ltr'><strong>da</strong></span> <span class='ocrx_word' id='word_1_27' title='bbox 559 657 648 714; x_wconf 91' lang='lat' dir='ltr'><strong>puros</strong></span> <span class='ocrx_word' id='word_1_28' title='bbox 661 639 769 695; x_wconf 88' lang='lat' dir='ltr'><strong>mentis</strong></span> <span class='ocrx_word' id='word_1_29' title='bbox 783 640 881 698; x_wconf 89' lang='lat' dir='ltr'><strong>oculos</strong></span> <span class='ocrx_word' id='word_1_30' title='bbox 894 640 927 696; x_wconf 92' lang='lat' dir='ltr'><strong>in</strong></span> <span class='ocrx_word' id='word_1_31' title='bbox 940 645 971 696; x_wconf 91' lang='lat' dir='ltr'><strong>te</strong></span> <span class='ocrx_word' id='word_1_32' title='bbox 984 639 1109 714; x_wconf 87' lang='lat' dir='ltr'><strong>defigere</strong></span> <span class='ocrx_word' id='word_1_33' title='bbox 1121 660 1129 711; x_wconf 89' lang='lat'>;</span> 
     </span>
     <span class='ocr_line' id='line_1_5' title="bbox 94 718 1070 796; baseline 0.004 -22"><span class='ocrx_word' id='word_1_34' title='bbox 94 718 163 787; x_wconf 81' lang='lat' dir='ltr'><strong>Quo</strong></span> <span class='ocrx_word' id='word_1_35' title='bbox 176 719 283 775; x_wconf 90' lang='lat' dir='ltr'><strong>hausto</strong></span> <span class='ocrx_word' id='word_1_36' title='bbox 297 719 447 794; x_wconf 71' lang='lat' dir='ltr'><strong>sapientiae</strong></span> <span class='ocrx_word' id='word_1_37' title='bbox 462 738 594 794; x_wconf 89' lang='lat' dir='ltr'><strong>saporem</strong></span> <span class='ocrx_word' id='word_1_38' title='bbox 608 738 676 775; x_wconf 83' lang='lat' dir='ltr'><strong>vere</strong></span> <span class='ocrx_word' id='word_1_39' title='bbox 690 719 788 776; x_wconf 86' lang='lat' dir='ltr'><strong>valeat</strong></span> <span class='ocrx_word' id='word_1_40' title='bbox 800 740 883 779; x_wconf 89' lang='lat' dir='ltr'><strong>mens</strong></span> <span class='ocrx_word' id='word_1_41' title='bbox 896 721 1070 796; x_wconf 86' lang='lat' dir='ltr'><strong>intelligere,</strong></span> 
     </span>
     <span class='ocr_line' id='line_1_6' title="bbox 94 798 976 878; baseline 0.002 -22"><span class='ocrx_word' id='word_1_42' title='bbox 94 798 318 856; x_wconf 71' lang='lat' dir='ltr'><strong>Christianismi</strong></span> <span class='ocrx_word' id='word_1_43' title='bbox 331 800 417 857; x_wconf 87' lang='lat' dir='ltr'><strong>fidem</strong></span> <span class='ocrx_word' id='word_1_44' title='bbox 432 800 568 875; x_wconf 87' lang='lat' dir='ltr'><strong>operibus</strong></span> <span class='ocrx_word' id='word_1_45' title='bbox 582 800 734 872; x_wconf 87' lang='lat' dir='ltr'><strong>redimere,</strong></span> <span class='ocrx_word' id='word_1_46' title='bbox 751 801 896 878; x_wconf 89' lang='lat' dir='ltr'><strong>beatoque</strong></span> <span class='ocrx_word' id='word_1_47' title='bbox 909 801 976 873; x_wconf 86' lang='lat' dir='ltr'><strong>fine,</strong></span> 
     </span>
     <span class='ocr_line' id='line_1_7' title="bbox 93 880 868 955; baseline 0.004 -19"><span class='ocrx_word' id='word_1_48' title='bbox 93 880 144 937; x_wconf 87' lang='lat' dir='ltr'><strong>Ex</strong></span> <span class='ocrx_word' id='word_1_49' title='bbox 158 880 247 955; x_wconf 88' lang='lat' dir='ltr'><strong>hujus</strong></span> <span class='ocrx_word' id='word_1_50' title='bbox 260 881 391 937; x_wconf 75' lang='lat' dir='ltr'><strong>incolatu</strong></span> <span class='ocrx_word' id='word_1_51' title='bbox 405 881 511 952; x_wconf 89' lang='lat' dir='ltr'><strong>saeculi,</strong></span> <span class='ocrx_word' id='word_1_52' title='bbox 526 886 630 937; x_wconf 90' lang='lat' dir='ltr'><strong>auctor</strong></span> <span class='ocrx_word' id='word_1_53' title='bbox 642 881 680 937; x_wconf 92' lang='lat' dir='ltr'><strong>ad</strong></span> <span class='ocrx_word' id='word_1_54' title='bbox 694 887 724 937; x_wconf 92' lang='lat' dir='ltr'><strong>te</strong></span> <span class='ocrx_word' id='word_1_55' title='bbox 734 883 868 940; x_wconf 84' lang='lat' dir='ltr'><strong>transire.</strong></span> 
     </span>
     <span class='ocr_line' id='line_1_8' title="bbox 162 960 902 1036; baseline 0.003 -18"><span class='ocrx_word' id='word_1_56' title='bbox 162 960 212 1018; x_wconf 74' lang='lat' dir='ltr'><strong>Vel</strong></span> <span class='ocrx_word' id='word_1_57' title='bbox 225 962 359 1031; x_wconf 76' lang='lat' dir='ltr'><strong>Tractus,</strong></span> <span class='ocrx_word' id='word_1_58' title='bbox 374 962 401 1018; x_wconf 83' lang='lat' dir='ltr'><strong>si</strong></span> <span class='ocrx_word' id='word_1_59' title='bbox 415 961 498 1036; x_wconf 80' lang='lat' dir='ltr'><strong>infra</strong></span> <span class='ocrx_word' id='word_1_60' title='bbox 512 960 759 1036; x_wconf 63' lang='lat' dir='ltr'><strong>Septaap&#39;csiraam</strong></span> <span class='ocrx_word' id='word_1_61' title='bbox 773 964 902 1022; x_wconf 75' lang='lat' dir='ltr'><strong>evenerit.</strong></span> 
     </span>
     <span class='ocr_line' id='line_1_9' title="bbox 157 1042 1014 1117; baseline 0.002 -19"><span class='ocrx_word' id='word_1_62' title='bbox 157 1042 261 1099; x_wconf 81' lang='lat' dir='ltr'><strong>Gaude</strong></span> <span class='ocrx_word' id='word_1_63' title='bbox 275 1042 374 1099; x_wconf 88' lang='lat' dir='ltr'><strong>Maria</strong></span> <span class='ocrx_word' id='word_1_64' title='bbox 387 1043 472 1117; x_wconf 87' lang='lat' dir='ltr'><strong>virgo</strong></span> <span class='ocrx_word' id='word_1_65' title='bbox 485 1048 604 1099; x_wconf 89' lang='lat' dir='ltr'><strong>cunctas</strong></span> <span class='ocrx_word' id='word_1_66' title='bbox 617 1043 741 1100; x_wconf 90' lang='lat' dir='ltr'><strong>haereses</strong></span> <span class='ocrx_word' id='word_1_67' title='bbox 754 1044 816 1100; x_wconf 88' lang='lat' dir='ltr'><strong>sola</strong></span> <span class='ocrx_word' id='word_1_68' title='bbox 829 1043 1014 1102; x_wconf 70' lang='lat' dir='ltr'><strong>interemisti.</strong></span> 
     </span>
     <span class='ocr_line' id='line_1_10' title="bbox 100 1121 836 1198; baseline 0.004 -19"><span class='ocrx_word' id='word_1_69' title='bbox 100 1121 131 1179; x_wconf 87' lang='lat' dir='ltr'><strong>V.</strong></span> <span class='ocrx_word' id='word_1_70' title='bbox 155 1122 228 1192; x_wconf 78' lang='lat' dir='ltr'><strong>Quae</strong></span> <span class='ocrx_word' id='word_1_71' title='bbox 244 1123 390 1180; x_wconf 78' lang='lat' dir='ltr'><strong>Gabrielis</strong></span> <span class='ocrx_word' id='word_1_72' title='bbox 404 1122 570 1198; x_wconf 81' lang='lat' dir='ltr'><strong>archangeli</strong></span> <span class='ocrx_word' id='word_1_73' title='bbox 581 1124 667 1179; x_wconf 88' lang='lat' dir='ltr'><strong>dictis</strong></span> <span class='ocrx_word' id='word_1_74' title='bbox 680 1124 836 1183; x_wconf 75' lang='lat' dir='ltr'><strong>credidisti.</strong></span> 
     </span>
     <span class='ocr_line' id='line_1_11' title="bbox 98 1203 1294 1282; baseline 0.002 -22"><span class='ocrx_word' id='word_1_75' title='bbox 98 1204 129 1260; x_wconf 84' lang='lat' dir='ltr'><strong>V.</strong></span> <span class='ocrx_word' id='word_1_76' title='bbox 153 1203 236 1261; x_wconf 91' lang='lat' dir='ltr'><strong>Dum</strong></span> <span class='ocrx_word' id='word_1_77' title='bbox 256 1204 341 1280; x_wconf 80' lang='lat' dir='ltr'><strong>virgo</strong></span> <span class='ocrx_word' id='word_1_78' title='bbox 363 1204 462 1262; x_wconf 91' lang='lat' dir='ltr'><strong>Deum</strong></span> <span class='ocrx_word' id='word_1_79' title='bbox 492 1212 522 1260; x_wconf 91' lang='lat' dir='ltr'><strong>et</strong></span> <span class='ocrx_word' id='word_1_80' title='bbox 553 1203 703 1261; x_wconf 89' lang='lat' dir='ltr'><strong>hominem</strong></span> <span class='ocrx_word' id='word_1_81' title='bbox 734 1205 872 1280; x_wconf 85' lang='lat' dir='ltr'><strong>genuisti,</strong></span> <span class='ocrx_word' id='word_1_82' title='bbox 900 1211 931 1263; x_wconf 90' lang='lat' dir='ltr'><strong>et</strong></span> <span class='ocrx_word' id='word_1_83' title='bbox 962 1211 1029 1282; x_wconf 88' lang='lat' dir='ltr'><strong>post</strong></span> <span class='ocrx_word' id='word_1_84' title='bbox 1061 1211 1180 1280; x_wconf 88' lang='lat' dir='ltr'><strong>partum</strong></span> <span class='ocrx_word' id='word_1_85' title='bbox 1210 1205 1294 1280; x_wconf 83' lang='lat' dir='ltr'><strong>virgo</strong></span> 
     </span>
     <span class='ocr_line' id='line_1_12' title="bbox 93 1284 450 1360; baseline -0.003 -19"><span class='ocrx_word' id='word_1_86' title='bbox 93 1284 241 1341; x_wconf 87' lang='lat' dir='ltr'><strong>inviolata</strong></span> <span class='ocrx_word' id='word_1_87' title='bbox 256 1285 450 1360; x_wconf 88' lang='lat' dir='ltr'><strong>permansisti.</strong></span> 
     </span>
     <span class='ocr_line' id='line_1_13' title="bbox 99 1365 705 1442; baseline -0.002 -18"><span class='ocrx_word' id='word_1_88' title='bbox 99 1366 130 1424; x_wconf 81' lang='lat' dir='ltr'><strong>V.</strong></span> <span class='ocrx_word' id='word_1_89' title='bbox 152 1365 212 1422; x_wconf 92' lang='lat' dir='ltr'><strong>Dei</strong></span> <span class='ocrx_word' id='word_1_90' title='bbox 225 1365 371 1440; x_wconf 87' lang='lat' dir='ltr'><strong>genetrix,</strong></span> <span class='ocrx_word' id='word_1_91' title='bbox 385 1365 532 1423; x_wconf 85' lang='lat' dir='ltr'><strong>intercede</strong></span> <span class='ocrx_word' id='word_1_92' title='bbox 546 1385 599 1442; x_wconf 91' lang='lat' dir='ltr'><strong>pro</strong></span> <span class='ocrx_word' id='word_1_93' title='bbox 613 1366 705 1423; x_wconf 89' lang='lat' dir='ltr'><strong>nobis.</strong></span> 
     </span>
    </p>
   </div>
   <div class='ocr_carea' id='block_1_3' title="bbox 91 1456 1295 1698">
    <p class='ocr_par' dir='ltr' id='par_1_3' title="bbox 91 1456 1295 1698">
     <span class='ocr_line' id='line_1_14' title="bbox 154 1456 648 1535; baseline -0.002 -20"><span class='ocrx_word' id='word_1_94' title='bbox 154 1456 324 1515; x_wconf 77' lang='lat' dir='ltr'><strong>Secundum</strong></span> <span class='ocrx_word' id='word_1_95' title='bbox 338 1457 452 1515; x_wconf 79' lang='lat' dir='ltr'><strong>Lucana</strong></span> <span class='ocrx_word' id='word_1_96' title='bbox 465 1456 515 1532; x_wconf 82' lang='lat' dir='ltr'><strong>(ii.</strong></span> <span class='ocrx_word' id='word_1_97' title='bbox 532 1458 648 1535; x_wconf 76' lang='lat'><strong>22-32).</strong></span> 
     </span>
     <span class='ocr_line' id='line_1_15' title="bbox 155 1538 1295 1617; baseline 0.002 -22"><span class='ocrx_word' id='word_1_98' title='bbox 155 1539 195 1595; x_wconf 90' lang='lat' dir='ltr'><strong>In</strong></span> <span class='ocrx_word' id='word_1_99' title='bbox 215 1539 267 1595; x_wconf 91' lang='lat' dir='ltr'><strong>illo</strong></span> <span class='ocrx_word' id='word_1_100' title='bbox 291 1545 429 1614; x_wconf 89' lang='lat' dir='ltr'><strong>tempore,</strong></span> <span class='ocrx_word' id='word_1_101' title='bbox 447 1538 608 1614; x_wconf 84' lang='lat' dir='ltr'><strong>Postquam</strong></span> <span class='ocrx_word' id='word_1_102' title='bbox 629 1539 745 1615; x_wconf 89' lang='lat' dir='ltr'><strong>impleti</strong></span> <span class='ocrx_word' id='word_1_103' title='bbox 769 1546 840 1598; x_wconf 78' lang='lat' dir='ltr'><strong>srmt</strong></span> <span class='ocrx_word' id='word_1_104' title='bbox 861 1540 922 1598; x_wconf 91' lang='lat' dir='ltr'><strong>dies</strong></span> <span class='ocrx_word' id='word_1_105' title='bbox 945 1540 1127 1617; x_wconf 88' lang='lat' dir='ltr'><strong>purgationis</strong></span> <span class='ocrx_word' id='word_1_106' title='bbox 1148 1541 1295 1615; x_wconf 79' lang='lat' dir='ltr'><strong>usquead</strong></span> 
     </span>
     <span class='ocr_line' id='line_1_16' title="bbox 91 1619 378 1698; baseline 0.003 -23"><span class='ocrx_word' id='word_1_107' title='bbox 91 1619 189 1698; x_wconf 90' lang='lat' dir='ltr'><strong>plebis</strong></span> <span class='ocrx_word' id='word_1_108' title='bbox 202 1626 262 1676; x_wconf 91' lang='lat' dir='ltr'><strong>tuae</strong></span> <span class='ocrx_word' id='word_1_109' title='bbox 277 1619 378 1676; x_wconf 88' lang='lat' dir='ltr'><strong>Israel.</strong></span> 
     </span>
    </p>
   </div>
   <div class='ocr_carea' id='block_1_4' title="bbox 155 1700 258 1757">
    <p class='ocr_par' dir='ltr' id='par_1_4' title="bbox 155 1700 258 1757">
     <span class='ocr_line' id='line_1_17' title="bbox 155 1700 258 1757; baseline -0.01 0"><span class='ocrx_word' id='word_1_110' title='bbox 155 1700 258 1757; x_wconf 77' lang='lat' dir='ltr'><strong>Credo.</strong></span> 
     </span>
    </p>
   </div>
   <div class='ocr_carea' id='block_1_5' title="bbox 157 1789 352 1863">
    <p class='ocr_par' dir='ltr' id='par_1_5' title="bbox 157 1789 352 1863">
     <span class='ocr_line' id='line_1_18' title="bbox 157 1789 352 1863; baseline 0 -15"><span class='ocrx_word' id='word_1_111' title='bbox 157 1789 352 1863; x_wconf 74' lang='lat' dir='ltr'><strong>offertorium.</strong></span> 
     </span>
    </p>
   </div>
   <div class='ocr_carea' id='block_1_6' title="bbox 91 1871 1293 2015">
    <p class='ocr_par' dir='ltr' id='par_1_6' title="bbox 91 1871 1293 2015">
     <span class='ocr_line' id='line_1_19' title="bbox 156 1871 1293 1949; baseline 0.005 -23"><span class='ocrx_word' id='word_1_112' title='bbox 156 1873 225 1928; x_wconf 89' lang='lat' dir='ltr'><strong>Ave</strong></span> <span class='ocrx_word' id='word_1_113' title='bbox 239 1871 338 1928; x_wconf 81' lang='lat' dir='ltr'><strong>Maria</strong></span> <span class='ocrx_word' id='word_1_114' title='bbox 347 1872 444 1947; x_wconf 87' lang='lat' dir='ltr'><strong>gratia</strong></span> <span class='ocrx_word' id='word_1_115' title='bbox 453 1873 548 1949; x_wconf 84' lang='lat' dir='ltr'><strong>plena,</strong></span> <span class='ocrx_word' id='word_1_116' title='bbox 561 1874 709 1932; x_wconf 85' lang='lat' dir='ltr'><strong>Dominus</strong></span> <span class='ocrx_word' id='word_1_117' title='bbox 722 1881 820 1933; x_wconf 92' lang='lat' dir='ltr'><strong>tecum</strong></span> <span class='ocrx_word' id='word_1_118' title='bbox 830 1896 838 1948; x_wconf 91' lang='lat'>;</span> <span class='ocrx_word' id='word_1_119' title='bbox 858 1876 1013 1934; x_wconf 89' lang='lat' dir='ltr'><strong>benedicta</strong></span> <span class='ocrx_word' id='word_1_120' title='bbox 1026 1883 1061 1934; x_wconf 91' lang='lat' dir='ltr'><strong>tu</strong></span> <span class='ocrx_word' id='word_1_121' title='bbox 1070 1877 1103 1933; x_wconf 90' lang='lat' dir='ltr'><strong>in</strong></span> <span class='ocrx_word' id='word_1_122' title='bbox 1113 1875 1293 1947; x_wconf 90' lang='lat' dir='ltr'><strong>mulieribus,</strong></span> 
     </span>
     <span class='ocr_line' id='line_1_20' title="bbox 91 1951 634 2015; baseline 0.006 -4"><span class='ocrx_word' id='word_1_123' title='bbox 91 1958 124 2011; x_wconf 90' lang='lat' dir='ltr'><strong>et</strong></span> <span class='ocrx_word' id='word_1_124' title='bbox 137 1951 310 2009; x_wconf 88' lang='lat' dir='ltr'><strong>benedictus</strong></span> <span class='ocrx_word' id='word_1_125' title='bbox 323 1953 439 2011; x_wconf 82' lang='lat' dir='ltr'><strong>fructus</strong></span> <span class='ocrx_word' id='word_1_126' title='bbox 453 1955 566 2012; x_wconf 90' lang='lat' dir='ltr'><strong>ventris</strong></span> <span class='ocrx_word' id='word_1_127' title='bbox 580 1956 634 2015; x_wconf 89' lang='lat' dir='ltr'><strong>tui.</strong></span> 
     </span>
    </p>
   </div>
   <div class='ocr_carea' id='block_1_7' title="bbox 90 2045 1296 2532">
    <p class='ocr_par' dir='ltr' id='par_1_7' title="bbox 154 2045 279 2102">
     <span class='ocr_line' id='line_1_21' title="bbox 154 2045 279 2102; baseline 0 0"><span class='ocrx_word' id='word_1_128' title='bbox 154 2045 194 2102; x_wconf 84' lang='lat' dir='ltr'><strong>Se</strong></span> <span class='ocrx_word' id='word_1_129' title='bbox 273 2090 279 2102; x_wconf 93' lang='lat'><strong>.</strong></span> 
     </span>
    </p>

    <p class='ocr_par' dir='ltr' id='par_1_8' title="bbox 90 2054 1296 2532">
     <span class='ocr_line' id='line_1_22' title="bbox 155 2054 1294 2207; baseline 0.002 -24"><span class='ocrx_word' id='word_1_130' title='bbox 155 2054 284 2197; x_wconf 57' lang='lat' dir='ltr'><strong>Excariiiii,</strong></span> <span class='ocrx_word' id='word_1_131' title='bbox 308 2126 445 2198; x_wconf 88' lang='lat' dir='ltr'><strong>Domine,</strong></span> <span class='ocrx_word' id='word_1_132' title='bbox 468 2148 567 2204; x_wconf 90' lang='lat' dir='ltr'><strong>preces</strong></span> <span class='ocrx_word' id='word_1_133' title='bbox 593 2135 726 2202; x_wconf 80' lang='lat' dir='ltr'><strong>nostras3</strong></span> <span class='ocrx_word' id='word_1_134' title='bbox 757 2136 795 2202; x_wconf 90' lang='lat' dir='ltr'><strong>et,</strong></span> <span class='ocrx_word' id='word_1_135' title='bbox 819 2117 968 2207; x_wconf 58' lang='lat' dir='ltr'><strong>ut&#39;digna</strong></span> <span class='ocrx_word' id='word_1_136' title='bbox 993 2131 1054 2187; x_wconf 88' lang='lat' dir='ltr'><strong>sint</strong></span> <span class='ocrx_word' id='word_1_137' title='bbox 1081 2150 1204 2201; x_wconf 87' lang='lat' dir='ltr'><strong>munera</strong></span> <span class='ocrx_word' id='word_1_138' title='bbox 1230 2149 1294 2205; x_wconf 89' lang='lat' dir='ltr'><strong>quae</strong></span> 
     </span>
     <span class='ocr_line' id='line_1_23' title="bbox 92 2209 1293 2347; baseline 0.002 -83"><span class='ocrx_word' id='word_1_139' title='bbox 92 2209 186 2347; x_wconf 47' lang='lat' dir='ltr'><strong>{culis</strong></span> <span class='ocrx_word' id='word_1_140' title='bbox 204 2215 264 2265; x_wconf 89' lang='lat' dir='ltr'><strong>tuae</strong></span> <span class='ocrx_word' id='word_1_141' title='bbox 278 2209 446 2288; x_wconf 76' lang='lat' dir='ltr'><strong>¹majestatis</strong></span> <span class='ocrx_word' id='word_1_142' title='bbox 463 2209 618 2283; x_wconf 88' lang='lat' dir='ltr'><strong>offerimus,</strong></span> <span class='ocrx_word' id='word_1_143' title='bbox 641 2211 805 2268; x_wconf 86' lang='lat' dir='ltr'><strong>subsidium</strong></span> <span class='ocrx_word' id='word_1_144' title='bbox 824 2219 884 2268; x_wconf 88' lang='lat' dir='ltr'><strong>tuae</strong></span> <span class='ocrx_word' id='word_1_145' title='bbox 904 2211 1024 2288; x_wconf 87' lang='lat' dir='ltr'><strong>pietatis</strong></span> <span class='ocrx_word' id='word_1_146' title='bbox 1044 2211 1129 2268; x_wconf 89' lang='lat' dir='ltr'><strong>nobis</strong></span> <span class='ocrx_word' id='word_1_147' title='bbox 1149 2211 1293 2288; x_wconf 91' lang='lat' dir='ltr'><strong>impende.</strong></span> 
     </span>
     <span class='ocr_line' id='line_1_24' title="bbox 121 2309 1296 2452; baseline 0.003 -26"><span class='ocrx_word' id='word_1_148' title='bbox 121 2309 306 2444; x_wconf 34' lang='lat' dir='ltr'><strong>armano·</strong></span> <span class='ocrx_word' id='word_1_149' title='bbox 351 2370 410 2440; x_wconf 79' lang='lat' dir='ltr'><strong>Qui</strong></span> <span class='ocrx_word' id='word_1_150' title='bbox 423 2390 476 2447; x_wconf 88' lang='lat' dir='ltr'><strong>per</strong></span> <span class='ocrx_word' id='word_1_151' title='bbox 489 2371 642 2430; x_wconf 85' lang='lat' dir='ltr'><strong>incarnati.</strong></span> <span class='ocrx_word' id='word_1_152' title='bbox 688 2369 740 2452; x_wconf 81' lang='lat' dir='ltr'><strong>[Et</strong></span> <span class='ocrx_word' id='word_1_153' title='bbox 753 2371 811 2430; x_wconf 80' lang='lat' dir='ltr'><strong>lraec</strong></span> <span class='ocrx_word' id='word_1_154' title='bbox 824 2372 957 2447; x_wconf 82' lang='lat' dir='ltr'><strong>Prefatio</strong></span> <span class='ocrx_word' id='word_1_155' title='bbox 972 2373 1090 2430; x_wconf 80' lang='lat' dir='ltr'><strong>dicatur</strong></span> <span class='ocrx_word' id='word_1_156' title='bbox 1104 2372 1161 2429; x_wconf 80' lang='lat' dir='ltr'><strong>sica</strong></span> <span class='ocrx_word' id='word_1_157' title='bbox 1175 2371 1296 2447; x_wconf 79' lang='lat' dir='ltr'><strong>Septua-</strong></span> 
     </span>
     <span class='ocr_line' id='line_1_25' title="bbox 90 2450 755 2532; baseline 0.003 -25"><span class='ocrx_word' id='word_1_158' title='bbox 90 2451 202 2526; x_wconf 79' lang='lat' dir='ltr'><strong>9csima</strong></span> <span class='ocrx_word' id='word_1_159' title='bbox 211 2451 348 2526; x_wconf 79' lang='lat' dir='ltr'><strong>precedat</strong></span> <span class='ocrx_word' id='word_1_160' title='bbox 362 2452 419 2509; x_wconf 82' lang='lat' dir='ltr'><strong>siva</strong></span> <span class='ocrx_word' id='word_1_161' title='bbox 432 2452 686 2526; x_wconf 68' lang='lat' dir='ltr'><strong>sequatur-MS.</strong></span> <span class='ocrx_word' id='word_1_162' title='bbox 701 2450 755 2532; x_wconf 64' lang='lat' dir='ltr'><strong>A]</strong></span> 
     </span>
    </p>
   </div>
   <div class='ocr_carea' id='block_1_8' title="bbox 92 2542 1342 2765">
    <p class='ocr_par' dir='ltr' id='par_1_9' title="bbox 92 2542 1342 2765">
     <span class='ocr_line' id='line_1_26' title="bbox 157 2542 1342 2607; baseline -0.002 -5"><span class='ocrx_word' id='word_1_163' title='bbox 157 2542 342 2602; x_wconf 78' lang='lat' dir='ltr'><strong>Communia.</strong></span> <span class='ocrx_word' id='word_1_164' title='bbox 1340 2603 1342 2607; x_wconf 61' lang='grc'>,</span> 
     </span>
     <span class='ocr_line' id='line_1_27' title="bbox 155 2624 1293 2703; baseline 0 -22"><span class='ocrx_word' id='word_1_165' title='bbox 155 2624 343 2700; x_wconf 86' lang='lat' dir='ltr'><strong>Responsum</strong></span> <span class='ocrx_word' id='word_1_166' title='bbox 357 2626 469 2701; x_wconf 90' lang='lat' dir='ltr'><strong>accepit</strong></span> <span class='ocrx_word' id='word_1_167' title='bbox 484 2625 612 2701; x_wconf 83' lang='lat' dir='ltr'><strong>Symeon</strong></span> <span class='ocrx_word' id='word_1_168' title='bbox 622 2645 640 2682; x_wconf 90' lang='lat' dir='ltr'><strong>a</strong></span> <span class='ocrx_word' id='word_1_169' title='bbox 651 2625 765 2703; x_wconf 83' lang='lat' dir='ltr'><strong>Spiritu</strong></span> <span class='ocrx_word' id='word_1_170' title='bbox 777 2625 884 2683; x_wconf 83' lang='lat' dir='ltr'><strong>Sancto</strong></span> <span class='ocrx_word' id='word_1_171' title='bbox 892 2645 952 2683; x_wconf 91' lang='lat' dir='ltr'><strong>non</strong></span> <span class='ocrx_word' id='word_1_172' title='bbox 962 2626 1096 2684; x_wconf 86' lang='lat' dir='ltr'><strong>visurum</strong></span> <span class='ocrx_word' id='word_1_173' title='bbox 1110 2645 1141 2682; x_wconf 90' lang='lat' dir='ltr'><strong>se</strong></span> <span class='ocrx_word' id='word_1_174' title='bbox 1154 2630 1293 2682; x_wconf 89' lang='lat' dir='ltr'><strong>mortem:</strong></span> 
     </span>
     <span class='ocr_line' id='line_1_28' title="bbox 92 2704 593 2765; baseline 0.004 -3"><span class='ocrx_word' id='word_1_175' title='bbox 92 2704 152 2762; x_wconf 86' lang='lat' dir='ltr'><strong>nisi</strong></span> <span class='ocrx_word' id='word_1_176' title='bbox 166 2705 282 2762; x_wconf 89' lang='lat' dir='ltr'><strong>videret</strong></span> <span class='ocrx_word' id='word_1_177' title='bbox 296 2705 448 2762; x_wconf 75' lang='lat' dir='ltr'><strong>Christum</strong></span> <span class='ocrx_word' id='word_1_178' title='bbox 463 2706 593 2765; x_wconf 84' lang='lat' dir='ltr'><strong>Domini.</strong></span> 
     </span>
    </p>
   </div>
   <div class='ocr_carea' id='block_1_9' title="bbox 91 2798 1295 3181">
    <p class='ocr_par' dir='ltr' id='par_1_10' title="bbox 154 2798 399 2856">
     <span class='ocr_line' id='line_1_29' title="bbox 154 2798 399 2856; baseline 0.008 -2"><span class='ocrx_word' id='word_1_179' title='bbox 154 2798 399 2856; x_wconf 80' lang='lat' dir='ltr'><strong>Postcommaaia</strong></span> 
     </span>
    </p>

    <p class='ocr_par' dir='ltr' id='par_1_11' title="bbox 91 2879 1295 3181">
     <span class='ocr_line' id='line_1_30' title="bbox 155 2879 1294 2957; baseline 0.001 -21"><span class='ocrx_word' id='word_1_180' title='bbox 155 2879 338 2953; x_wconf 68' lang='lat' dir='ltr'><strong>Quaesumus</strong></span> <span class='ocrx_word' id='word_1_181' title='bbox 363 2879 492 2938; x_wconf 91' lang='lat' dir='ltr'><strong>Domine</strong></span> <span class='ocrx_word' id='word_1_182' title='bbox 514 2880 596 2938; x_wconf 88' lang='lat' dir='ltr'><strong>Deus</strong></span> <span class='ocrx_word' id='word_1_183' title='bbox 616 2887 724 2953; x_wconf 91' lang='lat' dir='ltr'><strong>noster,</strong></span> <span class='ocrx_word' id='word_1_184' title='bbox 749 2888 783 2938; x_wconf 86' lang='lat' dir='ltr'><strong>ut</strong></span> <span class='ocrx_word' id='word_1_185' title='bbox 805 2887 987 2938; x_wconf 90' lang='lat' dir='ltr'><strong>sacrosancta</strong></span> <span class='ocrx_word' id='word_1_186' title='bbox 1004 2881 1144 2957; x_wconf 88' lang='lat' dir='ltr'><strong>mysteria</strong></span> <span class='ocrx_word' id='word_1_187' title='bbox 1158 2900 1223 2956; x_wconf 90' lang='lat' dir='ltr'><strong>quae</strong></span> <span class='ocrx_word' id='word_1_188' title='bbox 1241 2900 1294 2956; x_wconf 90' lang='lat' dir='ltr'><strong>pro</strong></span> 
     </span>
     <span class='ocr_line' id='line_1_31' title="bbox 91 2960 1295 3038; baseline 0 -20"><span class='ocrx_word' id='word_1_189' title='bbox 91 2960 289 3036; x_wconf 84' lang='lat' dir='ltr'><strong>reparationis</strong></span> <span class='ocrx_word' id='word_1_190' title='bbox 310 2966 418 3017; x_wconf 87' lang='lat' dir='ltr'><strong>nostrae</strong></span> <span class='ocrx_word' id='word_1_191' title='bbox 439 2962 602 3018; x_wconf 89' lang='lat' dir='ltr'><strong>munimine</strong></span> <span class='ocrx_word' id='word_1_192' title='bbox 620 2961 780 3034; x_wconf 87' lang='lat' dir='ltr'><strong>contulisti,</strong></span> <span class='ocrx_word' id='word_1_193' title='bbox 799 2962 998 3020; x_wconf 90' lang='lat' dir='ltr'><strong>intercedente</strong></span> <span class='ocrx_word' id='word_1_194' title='bbox 1010 2963 1098 3020; x_wconf 88' lang='lat' dir='ltr'><strong>beata</strong></span> <span class='ocrx_word' id='word_1_195' title='bbox 1111 2982 1225 3038; x_wconf 88' lang='lat' dir='ltr'><strong>semper</strong></span> <span class='ocrx_word' id='word_1_196' title='bbox 1237 2962 1295 3019; x_wconf 90' lang='lat' dir='ltr'><strong>vir-</strong></span> 
     </span>
     <span class='ocr_line' id='line_1_32' title="bbox 91 3040 1295 3117; baseline 0.003 -20"><span class='ocrx_word' id='word_1_197' title='bbox 91 3041 162 3117; x_wconf 86' lang='lat' dir='ltr'><strong>gine</strong></span> <span class='ocrx_word' id='word_1_198' title='bbox 182 3040 288 3113; x_wconf 82' lang='lat' dir='ltr'><strong>Maria,</strong></span> <span class='ocrx_word' id='word_1_199' title='bbox 311 3048 342 3098; x_wconf 89' lang='lat' dir='ltr'><strong>et</strong></span> <span class='ocrx_word' id='word_1_200' title='bbox 362 3061 489 3117; x_wconf 84' lang='lat' dir='ltr'><strong>praesens</strong></span> <span class='ocrx_word' id='word_1_201' title='bbox 507 3043 592 3100; x_wconf 90' lang='lat' dir='ltr'><strong>nobis</strong></span> <span class='ocrx_word' id='word_1_202' title='bbox 616 3043 777 3100; x_wconf 90' lang='lat' dir='ltr'><strong>remedium</strong></span> <span class='ocrx_word' id='word_1_203' title='bbox 799 3063 860 3100; x_wconf 89' lang='lat' dir='ltr'><strong>esse</strong></span> <span class='ocrx_word' id='word_1_204' title='bbox 883 3043 974 3116; x_wconf 84' lang='lat' dir='ltr'><strong>facias</strong></span> <span class='ocrx_word' id='word_1_205' title='bbox 996 3050 1028 3101; x_wconf 90' lang='lat' dir='ltr'><strong>et</strong></span> <span class='ocrx_word' id='word_1_206' title='bbox 1050 3044 1193 3100; x_wconf 86' lang='lat' dir='ltr'><strong>futurum.</strong></span> <span class='ocrx_word' id='word_1_207' title='bbox 1236 3043 1295 3101; x_wconf 90' lang='lat' dir='ltr'><strong>Per</strong></span> 
     </span>
     <span class='ocr_line' id='line_1_33' title="bbox 93 3122 267 3181; baseline -0.006 0"><span class='ocrx_word' id='word_1_208' title='bbox 93 3122 267 3181; x_wconf 90' lang='lat' dir='ltr'><strong>Dominum.</strong></span> 
     </span>
    </p>
   </div>
   <div class='ocr_carea' id='block_1_10' title="bbox 219 3315 1171 3396">
    <p class='ocr_par' dir='ltr' id='par_1_12' title="bbox 219 3315 1171 3396">
     <span class='ocr_line' id='line_1_34' title="bbox 219 3315 1171 3396; baseline -0.004 -20"><span class='ocrx_word' id='word_1_209' title='bbox 219 3319 331 3376; x_wconf 77' lang='lat' dir='ltr'><strong>Saucm</strong></span> <span class='ocrx_word' id='word_1_210' title='bbox 353 3319 469 3388; x_wconf 75' lang='lat' dir='ltr'><strong>Busan,</strong></span> <span class='ocrx_word' id='word_1_211' title='bbox 491 3335 626 3376; x_wconf 83' lang='lat' dir='ltr'><strong>nr1scor1</strong></span> <span class='ocrx_word' id='word_1_212' title='bbox 647 3335 685 3375; x_wconf 83' lang='lat' dir='ltr'><strong>nr</strong></span> <span class='ocrx_word' id='word_1_213' title='bbox 706 3335 868 3376; x_wconf 77' lang='lat' dir='ltr'><strong>nanrrsrs.</strong></span> <span class='ocrx_word' id='word_1_214' title='bbox 920 3315 974 3396; x_wconf 81' lang='lat' dir='ltr'><strong>(iri</strong></span> <span class='ocrx_word' id='word_1_215' title='bbox 990 3317 1070 3376; x_wconf 88' lang='lat' dir='ltr'><strong>Non.</strong></span> <span class='ocrx_word' id='word_1_216' title='bbox 1087 3315 1171 3392; x_wconf 81' lang='lat' dir='ltr'><strong>Feb.)</strong></span> 
     </span>
    </p>
   </div>
   <div class='ocr_carea' id='block_1_11' title="bbox 93 3458 1295 4506">
    <p class='ocr_par' dir='ltr' id='par_1_13' title="bbox 106 3458 516 3598">
     <span class='ocr_line' id='line_1_35' title="bbox 159 3458 516 3534; baseline -0.003 -18"><span class='ocrx_word' id='word_1_217' title='bbox 159 3461 299 3534; x_wconf 80' lang='lat' dir='ltr'><strong>Officium.</strong></span> <span class='ocrx_word' id='word_1_218' title='bbox 344 3458 516 3515; x_wconf 82' lang='lat' dir='ltr'><strong>Laetabitur.</strong></span> 
     </span>
     <span class='ocr_line' id='line_1_36' title="bbox 106 3540 270 3598; baseline -0.012 0"><span class='ocrx_word' id='word_1_219' title='bbox 106 3552 110 3561; x_wconf 90' lang='lat'><em>&#39;</em></span> <span class='ocrx_word' id='word_1_220' title='bbox 160 3540 270 3598; x_wconf 79' lang='lat' dir='ltr'><strong>Oratio.</strong></span> 
     </span>
    </p>

    <p class='ocr_par' dir='ltr' id='par_1_14' title="bbox 93 3617 1295 3922">
     <span class='ocr_line' id='line_1_37' title="bbox 156 3617 1295 3696; baseline -0.004 -18"><span class='ocrx_word' id='word_1_221' title='bbox 156 3621 354 3696; x_wconf 86' lang='lat' dir='ltr'><strong>Omnipotens</strong></span> <span class='ocrx_word' id='word_1_222' title='bbox 367 3620 543 3695; x_wconf 88' lang='lat' dir='ltr'><strong>sempiterne</strong></span> <span class='ocrx_word' id='word_1_223' title='bbox 557 3619 648 3691; x_wconf 89' lang='lat' dir='ltr'><strong>Deus,</strong></span> <span class='ocrx_word' id='word_1_224' title='bbox 672 3620 724 3695; x_wconf 90' lang='lat' dir='ltr'><strong>qui</strong></span> <span class='ocrx_word' id='word_1_225' title='bbox 745 3619 866 3677; x_wconf 90' lang='lat' dir='ltr'><strong>beatum</strong></span> <span class='ocrx_word' id='word_1_226' title='bbox 888 3619 1022 3676; x_wconf 88' lang='lat' dir='ltr'><strong>Blasium</strong></span> <span class='ocrx_word' id='word_1_227' title='bbox 1045 3617 1200 3695; x_wconf 89' lang='lat' dir='ltr'><strong>praesulem</strong></span> <span class='ocrx_word' id='word_1_228' title='bbox 1221 3636 1295 3674; x_wconf 89' lang='lat' dir='ltr'><strong>mar-</strong></span> 
     </span>
     <span class='ocr_line' id='line_1_38' title="bbox 94 3697 1293 3779; baseline -0.005 -20"><span class='ocrx_word' id='word_1_229' title='bbox 94 3709 251 3779; x_wconf 80' lang='lat' dir='ltr'><strong>tyremque</strong></span> <span class='ocrx_word' id='word_1_230' title='bbox 265 3707 352 3758; x_wconf 89' lang='lat' dir='ltr'><strong>tuum</strong></span> <span class='ocrx_word' id='word_1_231' title='bbox 365 3721 457 3777; x_wconf 86' lang='lat' dir='ltr'><strong>agone</strong></span> <span class='ocrx_word' id='word_1_232' title='bbox 466 3701 634 3757; x_wconf 77' lang='lat' dir='ltr'><strong>certaminis</strong></span> <span class='ocrx_word' id='word_1_233' title='bbox 654 3706 707 3756; x_wconf 94' lang='lat' dir='ltr'><strong>tuo</strong></span> <span class='ocrx_word' id='word_1_234' title='bbox 727 3720 826 3757; x_wconf 91' lang='lat' dir='ltr'><strong>amore</strong></span> <span class='ocrx_word' id='word_1_235' title='bbox 836 3701 987 3772; x_wconf 85' lang='lat' dir='ltr'><strong>roborasti,</strong></span> <span class='ocrx_word' id='word_1_236' title='bbox 1001 3699 1125 3757; x_wconf 91' lang='lat' dir='ltr'><strong>concede</strong></span> <span class='ocrx_word' id='word_1_237' title='bbox 1139 3697 1293 3775; x_wconf 90' lang='lat' dir='ltr'><strong>propitius,</strong></span> 
     </span>
     <span class='ocr_line' id='line_1_39' title="bbox 93 3778 1292 3860; baseline -0.006 -19"><span class='ocrx_word' id='word_1_238' title='bbox 93 3790 129 3842; x_wconf 88' lang='lat' dir='ltr'><strong>ut</strong></span> <span class='ocrx_word' id='word_1_239' title='bbox 143 3785 227 3859; x_wconf 91' lang='lat' dir='ltr'><strong>cujus</strong></span> <span class='ocrx_word' id='word_1_240' title='bbox 240 3783 427 3860; x_wconf 89' lang='lat' dir='ltr'><strong>triumphum</strong></span> <span class='ocrx_word' id='word_1_241' title='bbox 440 3781 593 3839; x_wconf 88' lang='lat' dir='ltr'><strong>recolimus</strong></span> <span class='ocrx_word' id='word_1_242' title='bbox 606 3781 640 3837; x_wconf 88' lang='lat' dir='ltr'><strong>in</strong></span> <span class='ocrx_word' id='word_1_243' title='bbox 653 3782 748 3855; x_wconf 88' lang='lat' dir='ltr'><strong>terris,</strong></span> <span class='ocrx_word' id='word_1_244' title='bbox 761 3782 824 3858; x_wconf 87' lang='lat' dir='ltr'><strong>ejus</strong></span> <span class='ocrx_word' id='word_1_245' title='bbox 834 3782 969 3858; x_wconf 89' lang='lat' dir='ltr'><strong>precibus</strong></span> <span class='ocrx_word' id='word_1_246' title='bbox 979 3781 1155 3856; x_wconf 88' lang='lat' dir='ltr'><strong>adjuvemur</strong></span> <span class='ocrx_word' id='word_1_247' title='bbox 1165 3780 1196 3835; x_wconf 91' lang='lat' dir='ltr'><strong>in</strong></span> <span class='ocrx_word' id='word_1_248' title='bbox 1207 3778 1292 3835; x_wconf 90' lang='lat' dir='ltr'><strong>caelis.</strong></span> 
     </span>
     <span class='ocr_line' id='line_1_40' title="bbox 96 3865 164 3922; baseline 0 0"><span class='ocrx_word' id='word_1_249' title='bbox 96 3865 164 3922; x_wconf 87' lang='lat' dir='ltr'><strong>Per.</strong></span> 
     </span>
    </p>

    <p class='ocr_par' dir='ltr' id='par_1_15' title="bbox 159 3942 791 4020">
     <span class='ocr_line' id='line_1_41' title="bbox 159 3942 791 4020; baseline 0 -19"><span class='ocrx_word' id='word_1_250' title='bbox 159 3944 299 4020; x_wconf 80' lang='lat' dir='ltr'><strong>Epistola.</strong></span> <span class='ocrx_word' id='word_1_251' title='bbox 343 3944 453 4002; x_wconf 87' lang='lat' dir='ltr'><strong>Beatus</strong></span> <span class='ocrx_word' id='word_1_252' title='bbox 466 3943 514 3999; x_wconf 89' lang='lat' dir='ltr'><strong>vir</strong></span> <span class='ocrx_word' id='word_1_253' title='bbox 527 3943 579 4019; x_wconf 88' lang='lat' dir='ltr'><strong>qui</strong></span> <span class='ocrx_word' id='word_1_254' title='bbox 593 3943 625 3998; x_wconf 93' lang='lat' dir='ltr'><strong>in</strong></span> <span class='ocrx_word' id='word_1_255' title='bbox 639 3942 791 4018; x_wconf 83' lang='lat' dir='ltr'><strong>sapientia.</strong></span> 
     </span>
    </p>

    <p class='ocr_par' dir='ltr' id='par_1_16' title="bbox 161 4025 611 4100">
     <span class='ocr_line' id='line_1_42' title="bbox 161 4025 611 4100; baseline -0.004 -18"><span class='ocrx_word' id='word_1_256' title='bbox 161 4025 294 4083; x_wconf 81' lang='lat' dir='ltr'><strong>Gradalc.</strong></span> <span class='ocrx_word' id='word_1_257' title='bbox 338 4026 359 4082; x_wconf 88' lang='lat' dir='ltr'><strong>J</strong></span> <span class='ocrx_word' id='word_1_258' title='bbox 360 4032 445 4082; x_wconf 85' lang='lat' dir='ltr'><strong>ustus</strong></span> <span class='ocrx_word' id='word_1_259' title='bbox 458 4031 493 4081; x_wconf 93' lang='lat' dir='ltr'><strong>ut</strong></span> <span class='ocrx_word' id='word_1_260' title='bbox 506 4025 611 4100; x_wconf 87' lang='lat' dir='ltr'><strong>palma.</strong></span> 
     </span>
    </p>

    <p class='ocr_par' dir='ltr' id='par_1_17' title="bbox 159 4104 837 4181">
     <span class='ocr_line' id='line_1_43' title="bbox 159 4104 837 4181; baseline -0.006 -17"><span class='ocrx_word' id='word_1_261' title='bbox 159 4107 307 4181; x_wconf 81' lang='lat' dir='ltr'><strong>Alleluya.</strong></span> <span class='ocrx_word' id='word_1_262' title='bbox 358 4106 385 4165; x_wconf 82' lang='lat' dir='ltr'><strong>V.</strong></span> <span class='ocrx_word' id='word_1_263' title='bbox 408 4106 429 4164; x_wconf 85' lang='lat' dir='ltr'><strong>J</strong></span> <span class='ocrx_word' id='word_1_264' title='bbox 431 4115 515 4162; x_wconf 88' lang='lat' dir='ltr'><strong>ustus</strong></span> <span class='ocrx_word' id='word_1_265' title='bbox 529 4125 590 4161; x_wconf 91' lang='lat' dir='ltr'><strong>non</strong></span> <span class='ocrx_word' id='word_1_266' title='bbox 604 4104 837 4161; x_wconf 90' lang='lat' dir='ltr'><strong>conturbabitur.</strong></span> 
     </span>
    </p>

    <p class='ocr_par' dir='ltr' id='par_1_18' title="bbox 160 4185 776 4261">
     <span class='ocr_line' id='line_1_44' title="bbox 160 4185 776 4261; baseline -0.003 -19"><span class='ocrx_word' id='word_1_267' title='bbox 160 4187 361 4261; x_wconf 70' lang='lat' dir='ltr'><strong>Eaaaqeliam.</strong></span> <span class='ocrx_word' id='word_1_268' title='bbox 405 4187 474 4243; x_wconf 86' lang='lat' dir='ltr'><strong>Nisi</strong></span> <span class='ocrx_word' id='word_1_269' title='bbox 487 4205 613 4260; x_wconf 88' lang='lat' dir='ltr'><strong>granum</strong></span> <span class='ocrx_word' id='word_1_270' title='bbox 627 4185 776 4243; x_wconf 79' lang='lat' dir='ltr'><strong>frumenti.</strong></span> 
     </span>
    </p>

    <p class='ocr_par' dir='ltr' id='par_1_19' title="bbox 164 4267 570 4342">
     <span class='ocr_line' id='line_1_45' title="bbox 164 4267 570 4342; baseline -0.007 -17"><span class='ocrx_word' id='word_1_271' title='bbox 164 4267 354 4342; x_wconf 77' lang='lat' dir='ltr'><strong>offertorium.</strong></span> <span class='ocrx_word' id='word_1_272' title='bbox 396 4267 436 4323; x_wconf 91' lang='lat' dir='ltr'><strong>In</strong></span> <span class='ocrx_word' id='word_1_273' title='bbox 449 4267 570 4323; x_wconf 87' lang='lat' dir='ltr'><strong>virtute.</strong></span> 
     </span>
    </p>

    <p class='ocr_par' dir='ltr' id='par_1_20' title="bbox 164 4347 281 4406">
     <span class='ocr_line' id='line_1_46' title="bbox 164 4347 281 4406; baseline 0.017 -2"><span class='ocrx_word' id='word_1_274' title='bbox 164 4347 281 4406; x_wconf 81' lang='lat' dir='ltr'><strong>Secreta.</strong></span> 
     </span>
    </p>

    <p class='ocr_par' dir='ltr' id='par_1_21' title="bbox 165 4425 1260 4506">
     <span class='ocr_line' id='line_1_47' title="bbox 165 4425 1260 4506; baseline -0.003 -20"><span class='ocrx_word' id='word_1_275' title='bbox 165 4428 265 4503; x_wconf 82' lang='lat' dir='ltr'><strong>Sacris,</strong></span> <span class='ocrx_word' id='word_1_276' title='bbox 280 4448 457 4506; x_wconf 89' lang='lat' dir='ltr'><strong>quaesumus,</strong></span> <span class='ocrx_word' id='word_1_277' title='bbox 474 4427 612 4498; x_wconf 88' lang='lat' dir='ltr'><strong>Domine,</strong></span> <span class='ocrx_word' id='word_1_278' title='bbox 626 4428 741 4504; x_wconf 86' lang='lat' dir='ltr'><strong>placare</strong></span> <span class='ocrx_word' id='word_1_279' title='bbox 755 4427 880 4485; x_wconf 87' lang='lat' dir='ltr'><strong>oblatis:</strong></span> <span class='ocrx_word' id='word_1_280' title='bbox 902 4433 933 4484; x_wconf 91' lang='lat' dir='ltr'><strong>et</strong></span> <span class='ocrx_word' id='word_1_281' title='bbox 946 4425 1129 4504; x_wconf 89' lang='lat' dir='ltr'><strong>supplicante</strong></span> <span class='ocrx_word' id='word_1_282' title='bbox 1143 4446 1196 4504; x_wconf 91' lang='lat' dir='ltr'><strong>pro</strong></span> <span class='ocrx_word' id='word_1_283' title='bbox 1213 4426 1260 4483; x_wconf 88' lang='lat' dir='ltr'><strong>nol</strong></span> 
     </span>
    </p>
   </div>
   <div class='ocr_carea' id='block_1_12' title="bbox 0 0 1460 4904">
    <p class='ocr_par' dir='ltr' id='par_1_22' title="bbox 0 0 1460 4904">
     <span class='ocr_line' id='line_1_48' title="bbox 0 0 1460 4904; baseline 0 0"><span class='ocrx_word' id='word_1_284' title='bbox 0 0 1460 4904; x_wconf 95' lang='lat' dir='ltr'><strong> </strong></span> 
     </span>
    </p>
   </div>
  </div>
 </body>
</html>
