2910 4904
591 294 689 360 Vesta
709 295 870 381 Augusti.
1290 304 1332 368 93

125 463 264 541 passione
277 462 443 534 roborasti3
465 482 503 520 ex
520 463 584 539 ejus
604 462 690 519 nobis
710 462 878 521 imitatione
898 464 996 522 tribue
1010 485 1063 541 pro
1077 486 1176 524 amore
1190 473 1242 524 tuo
1256 488 1335 543 pros-

126 565 199 622 pera
212 544 319 600 mundi
332 543 482 619 despicere
495 549 526 600 et
539 543 624 601 nulla
636 544 701 620 ejus
715 544 839 602 adversa
851 545 1016 604 formidare.
1056 547 1119 605 ‚Per
1133 548 1304 608 Dominum.

190 624 333 701 Epistola.
376 624 525 681 Dominus
539 625 614 681 mihi
627 625 753 682 adstitit.

193 705 327 764 Gradalc.
371 705 479 762 Justus
493 711 528 762 ut
541 705 647 780 palma.

191 786 341 862 Alleluya.
391 786 420 844 V
444 786 610 844 Laetabitur
619 787 728 862 justus.

190 866 394 941 Evangelium.
438 867 525 924 Nihil
540 863 684 943 opertum.

193 947 388 1022 Offirtoriom.
432 948 472 1005 In
485 948 607 1005 virtute.

191 1028 312 1087 Secreto.

192 1109 377 1167 Sacrificium
397 1109 463 1179 tibi,
485 1108 623 1179 Domine,
646 1109 741 1167 laudis
762 1109 912 1166 offerimus
933 1111 966 1167 in
987 1117 1106 1169 tuorum
1130 1133 1335 1174 commemora-

127 1192 211 1248 tione
226 1197 416 1262 sanctorum
436 1190 483 1260 da,
499 1209 676 1266 quaesumus,
688 1195 723 1247 ut
737 1190 816 1266 quod
829 1190 890 1248 illis
904 1192 1033 1250 contulit
1046 1194 1085 1251 ad
1097 1194 1231 1272 gloriam,
1247 1196 1333 1254 nobis

127 1271 225 1349 prosit
238 1271 277 1328 ad
291 1271 425 1328 salutem.
469 1270 529 1328 Per
543 1271 716 1329 Dominum.

193 1351 377 1410 Communia
421 1351 559 1409 Posuisti

191 1433 435 1491 Postcommunio.

190 1514 322 1591 Repleti,
337 1513 475 1583 Domine,
491 1513 696 1570 benedictione
710 1512 827 1585 caelesti,
845 1533 1021 1589 quaesumus,
1037 1516 1224 1576 clementiam
1241 1525 1333 1590 tuam,

128 1602 166 1651 ut
184 1595 388 1652 intercedente
410 1594 497 1668 beato
521 1594 667 1651 Hermete
691 1600 822 1669 martyre
846 1600 908 1666 tu0,
935 1615 1002 1671 quae
1026 1597 1181 1656 humiliter
1204 1601 1333 1678 gerimus

128 1676 291 1733 salubriter
305 1677 474 1733 sentiamus.
518 1675 577 1732 Per
591 1675 762 1732 Dominum.

128 1936 169 1993 Is
190 1950 284 1992 rnsro
305 1932 552 1991 Dnoomarrorrs
574 1946 680 1988 sarcrr
701 1929 723 1988 J
725 1945 859 1988 cnissis
881 1930 1048 1990 Barmsrn.
1086 1930 1136 2009 (iv.
1153 1933 1221 1992 Kal.
1240 1934 1334 2014 Sept.)

192 2083 334 2158 Officium.
377 2081 485 2140 Justus
499 2087 534 2137 ut
547 2080 652 2156 palma.

192 2164 303 2223 Oratio.

191 2244 297 2303 Sancti
326 2243 475 2300 Johannis
509 2242 651 2317 Baptistae
686 2248 716 2298 et
751 2243 888 2317 martyris
915 2244 971 2314 tui,
999 2243 1137 2316 Domine,
1167 2265 1334 2321 quaesumus

128 2325 302 2386 veneranda
335 2324 482 2381 festivitas
514 2322 653 2380 salutaris
684 2322 791 2379 auxilii
818 2323 904 2380 nobis
931 2331 1053 2400 praestet
1080 2326 1226 2384 effectum.
1277 2328 1336 2386 Per

131 2408 306 2466 Dominum.

192 2488 340 2544 Memoria
352 2494 459 2544 sancte
472 2485 597 2557 Sedima,
612 2485 736 2559 virginis
749 2494 774 2542 et
788 2486 935 2559 otctrtyris.
981 2486 1089 2544 Oratio,

191 2569 286 2640 Deus,
301 2568 354 2644 qui
367 2567 447 2623 inter
468 2572 573 2623 caetera
586 2566 728 2640 potentiae
750 2571 809 2623 tuae
832 2565 974 2623 miracula
995 2568 1086 2624 etiam
1099 2568 1132 2623 in
1147 2587 1221 2625 sexu
1235 2570 1334 2647 fragili

130 2651 290 2709 victoriam
317 2654 483 2723 martyrum
510 2646 672 2718 contulisti,
696 2647 820 2703 concede
848 2647 1003 2723 propitius,
1028 2654 1063 2705 ut
1090 2649 1175 2725 cujus
1196 2652 1335 2710 natalitia

130 2733 256 2791 colimus
270 2749 323 2805 per
337 2730 400 2805 ejus
414 2728 451 2784 ad
465 2735 495 2784 te
509 2727 646 2803 exempla
659 2727 835 2804 gradiamur.
877 2728 942 2785 Per.

191 2810 311 2887 Epistol
331 2856 336 2868 .
380 2810 476 2866 Lectio
491 2809 558 2866 libri
571 2809 729 2884 Sapientia
743 2809 847 2881 (Prov.
863 2830 889 2865 cc.
907 2809 1016 2882 28-323
1036 2811 1075 2867 xi.
1094 2810 1120 2882 3,
1137 2811 1164 2885 5,
1180 2812 1246 2870 8-11
1251 2814 1275 2890 )

192 2891 372 2967 Expectatio
381 2892 532 2966 justorum
546 2908 636 2964 osque
650 2891 691 2946 cd
704 2889 885 2947 exaltabitur
898 2890 1009 2948 civitas

194 2972 330 3032 Gradul.

192 3053 331 3111 Herodes
345 3052 425 3109 enim
439 3051 538 3108 tenuit
553 3057 582 3108 et
596 3051 701 3127 ligavit
715 3051 737 3108 J
739 3052 884 3108 ohannem
897 3073 902 3109 :
924 3057 954 3109 et
968 3052 1068 3127 posuit
1081 3052 1114 3108 in
1129 3073 1280 3116 carcerem.

192 3134 342 3210 Alleluya.
385 3133 415 3193 V.
438 3132 565 3208 Propter
574 3132 794 3191 Herodiadem:
815 3153 904 3209 quam
912 3133 1032 3203 tulerat,
1043 3133 1130 3190 fratri
1140 3155 1193 3192 suo
1204 3137 1332 3210 vivente,

134 3235 266 3275 uxorem.
623 3257 628 3269 .

193 3296 344 3371 Alleluya.
394 3293 423 3351 V.
446 3293 539 3351 Misso
562 3294 697 3351 Herodes
718 3293 894 3370 spiculatore
918 3295 1057 3370 praecepit
1077 3298 1226 3372 amputari
1246 3306 1334 3376 caput

136 3379 155 3436 J
157 3377 282 3436 ohannis
296 3377 329 3432 in
343 3395 464 3432 carcere.

195 3458 360 3534 Sequentia.

256 3539 321 3595 Deo
335 3536 438 3594 laudes
452 3536 577 3613 gloriose
591 3537 728 3594 concinat
741 3556 869 3611 praesens
880 3536 1043 3607 celebritas,

257 3619 333 3676 Oum
346 3618 427 3675 beati
441 3619 630 3693 praecursoris
644 3623 890 3674 commemoratur
903 3617 1069 3689 festivitas3

257 3701 316 3770 Qui
329 3699 426 3756 sterili
439 3706 597 3774 conceptus
610 3698 740 3773 angelico
755 3703 800 3754 est
813 3698 975 3773 promissus
989 3699 1105 3768 nuntio,

257 3781 394 3838 Necdum
408 3779 501 3836 sensit
511 3785 599 3836 natus
613 3779 746 3855 virgineo
761 3778 914 3835 Christum
928 3779 1060 3836 clausum
1074 3786 1168 3839 utero.

257 3861 318 3918 Hic
333 3867 454 3919 exortus
468 3861 601 3936 linguam
614 3861 708 3936 patris
721 3859 854 3932 resolvit,

257 3943 297 4000 Et
311 3943 447 3999 doctrina
461 3941 628 4018 prophetali
641 3941 807 4016 complevit.

258 4024 333 4080 Inde
347 4023 454 4080 vicinis
467 4023 605 4098 provenit
619 4024 749 4079 maxima
763 4042 830 4079 oum
845 4028 964 4098 stupore
977 4022 1091 4079 laetitia.

259 4105 319 4162 Hic
333 4103 453 4161 adultus
467 4124 520 4179 per
533 4104 649 4160 deserta
662 4103 774 4180 deguit,

258 4185 304 4242 De
318 4185 422 4243 cameli
435 4184 505 4260 pilis
518 4190 637 4260 tegmen
651 4185 766 4256 habuit,

259 4267 373 4324 Artans
387 4266 503 4322 lumbos
517 4266 634 4341 pellicia
648 4285 729 4337 zona,
744 4265 833 4322 edens
847 4264 937 4322 mella
952 4263 1106 4321 silvestria.

259 4348 314 4405 Est
328 4347 448 4405 Christo
461 4347 557 4404 factus
570 4347 707 4423 praevius,
724 4346 877 4404 Christum
891 4346 981 4404 sacris
994 4345 1070 4402 lavit
1083 4344 1220 4404 manibus
1234 4369 1240 4406 :

259 4429 362 4506 Ipsum
372 4429 552 4487 monstravit
566 4428 710 4501 omnibus,
728 4427 847 4486 Christo
860 4433 906 4486 est
918 4426 1075 4504 praedictus
1088 4425 1219 4506 angelus.
