<?xml version="1.0" encoding="UTF-8"?>
<!DOCTYPE html PUBLIC "-//W3C//DTD XHTML 1.0 Transitional//EN"
    "http://www.w3.org/TR/xhtml1/DTD/xhtml1-transitional.dtd">
<html xmlns="http://www.w3.org/1999/xhtml" xml:lang="en" lang="en">
 <head>
  <title>
</title>
<meta http-equiv="Content-Type" content="text/html;charset=utf-8" />
  <meta name='ocr-system' content='tesseract 3.04.00' />
  <meta name='ocr-capabilities' content='ocr_page ocr_carea ocr_par ocr_line ocrx_word'/>
</head>
<body>
  <div class='ocr_page' id='page_1' title='image "./missaleadusumin01churgoog_0131.png"; bbox 0 0 2910 4904; ppageno 0'>
   <div class='ocr_carea' id='block_1_1' title="bbox 133 314 887 402">
    <p class='ocr_par' dir='ltr' id='par_1_1' title="bbox 133 314 887 402">
     <span class='ocr_line' id='line_1_1' title="bbox 133 314 887 402; baseline 0.003 -24"><span class='ocrx_word' id='word_1_1' title='bbox 133 318 195 379; x_wconf 78' lang='lat'><strong>102</strong></span> <span class='ocrx_word' id='word_1_2' title='bbox 568 316 663 382; x_wconf 80' lang='lat' dir='ltr'><strong>Festo</strong></span> <span class='ocrx_word' id='word_1_3' title='bbox 683 314 887 402; x_wconf 67' lang='lat' dir='ltr'><strong><em>Septembris.</em></strong></span> 
     </span>
    </p>
   </div>
   <div class='ocr_carea' id='block_1_2' title="bbox 166 455 1213 559">
    <p class='ocr_par' dir='ltr' id='par_1_2' title="bbox 166 455 1213 559">
     <span class='ocr_line' id='line_1_2' title="bbox 166 455 1213 559; baseline 0.004 -21"><span class='ocrx_word' id='word_1_4' title='bbox 166 455 169 459; x_wconf 17' lang='lat'><strong><em>¹</em></strong></span> <span class='ocrx_word' id='word_1_5' title='bbox 189 479 298 540; x_wconf 78' lang='lat' dir='ltr'><strong>Eodem</strong></span> <span class='ocrx_word' id='word_1_6' title='bbox 310 482 357 540; x_wconf 83' lang='lat' dir='ltr'><strong>die</strong></span> <span class='ocrx_word' id='word_1_7' title='bbox 370 491 537 540; x_wconf 78' lang='lat' dir='ltr'><strong>sorrctorrorr</strong></span> <span class='ocrx_word' id='word_1_8' title='bbox 549 493 715 559; x_wconf 70' lang='lat' dir='ltr'><strong>martyram</strong></span> <span class='ocrx_word' id='word_1_9' title='bbox 729 480 855 543; x_wconf 78' lang='lat' dir='ltr'><strong>Cornelii</strong></span> <span class='ocrx_word' id='word_1_10' title='bbox 868 491 894 540; x_wconf 87' lang='lat' dir='ltr'><strong>et</strong></span> <span class='ocrx_word' id='word_1_11' title='bbox 909 480 1059 558; x_wconf 75' lang='lat' dir='ltr'><strong>Cypriani.</strong></span> <span class='ocrx_word' id='word_1_12' title='bbox 1104 483 1213 542; x_wconf 81' lang='lat' dir='ltr'><strong>Oratio.</strong></span> 
     </span>
    </p>
   </div>
   <div class='ocr_carea' id='block_1_3' title="bbox 128 562 1323 800">
    <p class='ocr_par' dir='ltr' id='par_1_3' title="bbox 128 562 1323 800">
     <span class='ocr_line' id='line_1_3' title="bbox 190 562 1323 641; baseline 0.004 -22"><span class='ocrx_word' id='word_1_13' title='bbox 190 562 400 621; x_wconf 85' lang='lat' dir='ltr'><strong>Infirmitatem</strong></span> <span class='ocrx_word' id='word_1_14' title='bbox 432 569 573 635; x_wconf 84' lang='lat' dir='ltr'><strong>nostram,</strong></span> <span class='ocrx_word' id='word_1_15' title='bbox 602 583 776 640; x_wconf 86' lang='lat' dir='ltr'><strong>quaesumus,</strong></span> <span class='ocrx_word' id='word_1_16' title='bbox 806 563 941 635; x_wconf 84' lang='lat' dir='ltr'><strong>Domine,</strong></span> <span class='ocrx_word' id='word_1_17' title='bbox 970 563 1114 641; x_wconf 86' lang='lat' dir='ltr'><strong>propitius</strong></span> <span class='ocrx_word' id='word_1_18' title='bbox 1147 565 1268 641; x_wconf 83' lang='lat' dir='ltr'>respice,</span> <span class='ocrx_word' id='word_1_19' title='bbox 1292 572 1323 623; x_wconf 89' lang='lat' dir='ltr'><strong>et</strong></span> 
     </span>
     <span class='ocr_line' id='line_1_4' title="bbox 128 642 1322 720; baseline 0.003 -20"><span class='ocrx_word' id='word_1_20' title='bbox 128 642 206 700; x_wconf 86' lang='lat' dir='ltr'><strong>mala</strong></span> <span class='ocrx_word' id='word_1_21' title='bbox 220 644 319 700; x_wconf 85' lang='lat' dir='ltr'><strong>omnie</strong></span> <span class='ocrx_word' id='word_1_22' title='bbox 332 663 397 720; x_wconf 85' lang='lat' dir='ltr'><strong>quse</strong></span> <span class='ocrx_word' id='word_1_23' title='bbox 413 645 495 720; x_wconf 86' lang='lat' dir='ltr'><strong>juste</strong></span> <span class='ocrx_word' id='word_1_24' title='bbox 509 663 663 718; x_wconf 88' lang='lat' dir='ltr'><strong>meremur,</strong></span> <span class='ocrx_word' id='word_1_25' title='bbox 679 651 847 702; x_wconf 86' lang='lat' dir='ltr'><strong>sanctorum</strong></span> <span class='ocrx_word' id='word_1_26' title='bbox 866 650 1031 719; x_wconf 81' lang='lat' dir='ltr'><strong>martyrum</strong></span> <span class='ocrx_word' id='word_1_27' title='bbox 1051 649 1171 702; x_wconf 89' lang='lat' dir='ltr'><strong>tuorum</strong></span> <span class='ocrx_word' id='word_1_28' title='bbox 1192 645 1322 704; x_wconf 89' lang='lat' dir='ltr'><strong>Cornelii</strong></span> 
     </span>
     <span class='ocr_line' id='line_1_5' title="bbox 128 723 1084 800; baseline 0.002 -20"><span class='ocrx_word' id='word_1_29' title='bbox 128 730 159 781; x_wconf 89' lang='lat' dir='ltr'><strong>et</strong></span> <span class='ocrx_word' id='word_1_30' title='bbox 173 723 314 800; x_wconf 83' lang='lat' dir='ltr'><strong>Cypriani</strong></span> <span class='ocrx_word' id='word_1_31' title='bbox 326 725 533 783; x_wconf 73' lang='lat' dir='ltr'><strong>intercessione</strong></span> <span class='ocrx_word' id='word_1_32' title='bbox 546 731 651 783; x_wconf 84' lang='lat' dir='ltr'><strong>averte.</strong></span> <span class='ocrx_word' id='word_1_33' title='bbox 696 726 754 782; x_wconf 90' lang='lat' dir='ltr'><strong>Per</strong></span> <span class='ocrx_word' id='word_1_34' title='bbox 767 725 930 783; x_wconf 88' lang='lat' dir='ltr'><strong>Dominum</strong></span> <span class='ocrx_word' id='word_1_35' title='bbox 943 731 1084 782; x_wconf 90' lang='lat' dir='ltr'><strong>nostrum.</strong></span> 
     </span>
    </p>
   </div>
   <div class='ocr_carea' id='block_1_4' title="bbox 189 809 1293 898">
    <p class='ocr_par' dir='ltr' id='par_1_4' title="bbox 189 809 1293 898">
     <span class='ocr_line' id='line_1_6' title="bbox 189 809 1293 898; baseline 0.001 -25"><span class='ocrx_word' id='word_1_36' title='bbox 189 813 346 896; x_wconf 77' lang='lat' dir='ltr'><strong>[Memorio</strong></span> <span class='ocrx_word' id='word_1_37' title='bbox 358 819 507 876; x_wconf 70' lang='lat' dir='ltr'><strong>desumto</strong></span> <span class='ocrx_word' id='word_1_38' title='bbox 520 818 630 876; x_wconf 81' lang='lat' dir='ltr'><strong>Mario.</strong></span> <span class='ocrx_word' id='word_1_39' title='bbox 675 817 782 876; x_wconf 79' lang='lat' dir='ltr'><strong>Oratio.</strong></span> <span class='ocrx_word' id='word_1_40' title='bbox 826 816 1192 893; x_wconf 80' lang='lat' dir='ltr'><strong>Supplicetionern.—MS.</strong></span> <span class='ocrx_word' id='word_1_41' title='bbox 1208 815 1257 898; x_wconf 70' lang='lat' dir='ltr'><strong>R]</strong></span> <span class='ocrx_word' id='word_1_42' title='bbox 1289 809 1293 815; x_wconf 50' lang='lat'><strong>⁴</strong></span> 
     </span>
    </p>
   </div>
   <div class='ocr_carea' id='block_1_5' title="bbox 126 909 1318 4402">
    <p class='ocr_par' dir='ltr' id='par_1_5' title="bbox 126 909 1318 4402">
     <span class='ocr_line' id='line_1_7' title="bbox 187 909 571 987; baseline 0.005 -21"><span class='ocrx_word' id='word_1_43' title='bbox 187 909 237 967; x_wconf 76' lang='lat' dir='ltr'><strong>Ad</strong></span> <span class='ocrx_word' id='word_1_44' title='bbox 252 909 373 968; x_wconf 75' lang='lat' dir='ltr'><strong>Caletos</strong></span> <span class='ocrx_word' id='word_1_45' title='bbox 386 910 440 987; x_wconf 79' lang='lat' dir='ltr'><strong>(oi.</strong></span> <span class='ocrx_word' id='word_1_46' title='bbox 459 911 571 987; x_wconf 82' lang='grc'>11-14)</span> 
     </span>
     <span class='ocr_line' id='line_1_8' title="bbox 188 990 1124 1068; baseline 0.003 -22"><span class='ocrx_word' id='word_1_47' title='bbox 188 990 308 1049; x_wconf 76' lang='lat' dir='ltr'><strong>Fratres</strong></span> <span class='ocrx_word' id='word_1_48' title='bbox 321 1013 327 1049; x_wconf 96' lang='lat'><strong>:</strong></span> <span class='ocrx_word' id='word_1_49' title='bbox 348 991 457 1050; x_wconf 86' lang='lat' dir='ltr'><strong>Videte</strong></span> <span class='ocrx_word' id='word_1_50' title='bbox 471 992 606 1068; x_wconf 80' lang='lat' dir='ltr'><strong>qualibus</strong></span> <span class='ocrx_word' id='word_1_51' title='bbox 619 991 727 1049; x_wconf 88' lang='lat' dir='ltr'><strong>litteris</strong></span> <span class='ocrx_word' id='word_1_52' title='bbox 739 1011 830 1066; x_wconf 81' lang='lat' dir='ltr'><strong>nsque</strong></span> <span class='ocrx_word' id='word_1_53' title='bbox 843 991 885 1049; x_wconf 80' lang='lat' dir='ltr'><strong>ad</strong></span> <span class='ocrx_word' id='word_1_54' title='bbox 896 995 927 1049; x_wconf 88' lang='lat' dir='ltr'><strong>et</strong></span> <span class='ocrx_word' id='word_1_55' title='bbox 939 1009 993 1066; x_wconf 89' lang='lat' dir='ltr'><strong>ego</strong></span> <span class='ocrx_word' id='word_1_56' title='bbox 1005 990 1124 1049; x_wconf 89' lang='lat' dir='ltr'><strong>mundo.</strong></span> 
     </span>
     <span class='ocr_line' id='line_1_9' title="bbox 189 1151 1318 1230; baseline 0.003 -21"><span class='ocrx_word' id='word_1_57' title='bbox 189 1151 324 1210; x_wconf 87' lang='lat' dir='ltr'><strong>Christus</strong></span> <span class='ocrx_word' id='word_1_58' title='bbox 343 1153 437 1212; x_wconf 82' lang='lat' dir='ltr'><strong>factus</strong></span> <span class='ocrx_word' id='word_1_59' title='bbox 458 1160 502 1211; x_wconf 89' lang='lat' dir='ltr'><strong>est</strong></span> <span class='ocrx_word' id='word_1_60' title='bbox 519 1173 573 1230; x_wconf 93' lang='lat' dir='ltr'><strong>pro</strong></span> <span class='ocrx_word' id='word_1_61' title='bbox 590 1153 675 1212; x_wconf 91' lang='lat' dir='ltr'><strong>nobis</strong></span> <span class='ocrx_word' id='word_1_62' title='bbox 691 1153 828 1211; x_wconf 89' lang='lat' dir='ltr'><strong>obediens</strong></span> <span class='ocrx_word' id='word_1_63' title='bbox 849 1171 942 1229; x_wconf 90' lang='lat' dir='ltr'><strong>usque</strong></span> <span class='ocrx_word' id='word_1_64' title='bbox 962 1151 1001 1209; x_wconf 86' lang='lat' dir='ltr'><strong>ad</strong></span> <span class='ocrx_word' id='word_1_65' title='bbox 1021 1156 1166 1225; x_wconf 88' lang='lat' dir='ltr'><strong>mortem;</strong></span> <span class='ocrx_word' id='word_1_66' title='bbox 1193 1159 1318 1212; x_wconf 89' lang='lat' dir='ltr'><strong>mortem</strong></span> 
     </span>
     <span class='ocr_line' id='line_1_10' title="bbox 127 1235 340 1292; baseline 0.014 -3"><span class='ocrx_word' id='word_1_67' title='bbox 127 1236 227 1290; x_wconf 84' lang='lat' dir='ltr'><strong>autem</strong></span> <span class='ocrx_word' id='word_1_68' title='bbox 240 1235 340 1292; x_wconf 88' lang='lat' dir='ltr'><strong>crucis.</strong></span> 
     </span>
     <span class='ocr_line' id='line_1_11' title="bbox 132 1312 1317 1391; baseline 0.003 -21"><span class='ocrx_word' id='word_1_69' title='bbox 132 1313 161 1370; x_wconf 81' lang='lat' dir='ltr'><strong>V.</strong></span> <span class='ocrx_word' id='word_1_70' title='bbox 188 1313 314 1391; x_wconf 75' lang='lat' dir='ltr'><strong>Propter</strong></span> <span class='ocrx_word' id='word_1_71' title='bbox 327 1314 405 1391; x_wconf 92' lang='lat' dir='ltr'><strong>quod</strong></span> <span class='ocrx_word' id='word_1_72' title='bbox 419 1321 449 1373; x_wconf 90' lang='lat' dir='ltr'><strong>et</strong></span> <span class='ocrx_word' id='word_1_73' title='bbox 463 1317 544 1375; x_wconf 89' lang='lat' dir='ltr'><strong>Deus</strong></span> <span class='ocrx_word' id='word_1_74' title='bbox 563 1315 707 1373; x_wconf 81' lang='lat' dir='ltr'><strong>exaltavit</strong></span> <span class='ocrx_word' id='word_1_75' title='bbox 726 1315 829 1373; x_wconf 91' lang='lat' dir='ltr'><strong>illum:</strong></span> <span class='ocrx_word' id='word_1_76' title='bbox 853 1320 884 1371; x_wconf 90' lang='lat' dir='ltr'><strong>et</strong></span> <span class='ocrx_word' id='word_1_77' title='bbox 897 1313 979 1373; x_wconf 84' lang='lat' dir='ltr'><strong>dedit</strong></span> <span class='ocrx_word' id='word_1_78' title='bbox 991 1312 1037 1369; x_wconf 90' lang='lat' dir='ltr'><strong>illi</strong></span> <span class='ocrx_word' id='word_1_79' title='bbox 1049 1332 1166 1386; x_wconf 88' lang='lat' dir='ltr'><strong>nomen,</strong></span> <span class='ocrx_word' id='word_1_80' title='bbox 1183 1315 1263 1389; x_wconf 89' lang='lat' dir='ltr'><strong>quod</strong></span> <span class='ocrx_word' id='word_1_81' title='bbox 1275 1319 1317 1374; x_wconf 81' lang='lat' dir='ltr'><strong>est</strong></span> 
     </span>
     <span class='ocr_line' id='line_1_12' title="bbox 126 1413 439 1471; baseline 0.013 -21"><span class='ocrx_word' id='word_1_82' title='bbox 126 1413 213 1471; x_wconf 87' lang='lat' dir='ltr'><strong>super</strong></span> <span class='ocrx_word' id='word_1_83' title='bbox 226 1414 312 1453; x_wconf 82' lang='lat' dir='ltr'><strong>omno</strong></span> <span class='ocrx_word' id='word_1_84' title='bbox 325 1416 439 1454; x_wconf 91' lang='lat' dir='ltr'><strong>nomen.</strong></span> 
     </span>
     <span class='ocr_line' id='line_1_13' title="bbox 185 1473 1314 1554; baseline 0.004 -22"><span class='ocrx_word' id='word_1_85' title='bbox 185 1475 333 1552; x_wconf 86' lang='lat' dir='ltr'><strong>Alleluya</strong></span> <span class='ocrx_word' id='word_1_86' title='bbox 381 1478 411 1536; x_wconf 80' lang='lat' dir='ltr'><strong>V.</strong></span> <span class='ocrx_word' id='word_1_87' title='bbox 440 1477 535 1536; x_wconf 86' lang='lat' dir='ltr'><strong>Dulce</strong></span> <span class='ocrx_word' id='word_1_88' title='bbox 556 1478 680 1554; x_wconf 83' lang='lat' dir='ltr'><strong>lignum,</strong></span> <span class='ocrx_word' id='word_1_89' title='bbox 699 1477 798 1536; x_wconf 83' lang='lat' dir='ltr'><strong>dulces</strong></span> <span class='ocrx_word' id='word_1_90' title='bbox 819 1476 923 1546; x_wconf 78' lang='lat' dir='ltr'><strong>clevos,</strong></span> <span class='ocrx_word' id='word_1_91' title='bbox 944 1473 1040 1531; x_wconf 89' lang='lat' dir='ltr'><strong>dulcia</strong></span> <span class='ocrx_word' id='word_1_92' title='bbox 1062 1473 1157 1532; x_wconf 86' lang='lat' dir='ltr'><strong>ferens</strong></span> <span class='ocrx_word' id='word_1_93' title='bbox 1179 1476 1314 1553; x_wconf 82' lang='lat' dir='ltr'><strong>pondera,</strong></span> 
     </span>
     <span class='ocr_line' id='line_1_14' title="bbox 126 1554 1114 1636; baseline 0 -23"><span class='ocrx_word' id='word_1_94' title='bbox 126 1574 191 1632; x_wconf 85' lang='lat' dir='ltr'><strong>quse</strong></span> <span class='ocrx_word' id='word_1_95' title='bbox 204 1556 266 1614; x_wconf 88' lang='lat' dir='ltr'><strong>sola</strong></span> <span class='ocrx_word' id='word_1_96' title='bbox 278 1557 363 1616; x_wconf 80' lang='lat' dir='ltr'><strong>fuisti</strong></span> <span class='ocrx_word' id='word_1_97' title='bbox 376 1559 465 1636; x_wconf 85' lang='lat' dir='ltr'><strong>digna</strong></span> <span class='ocrx_word' id='word_1_98' title='bbox 477 1559 621 1617; x_wconf 90' lang='lat' dir='ltr'><strong>sustinere</strong></span> <span class='ocrx_word' id='word_1_99' title='bbox 634 1578 732 1635; x_wconf 83' lang='lat' dir='ltr'><strong>regem</strong></span> <span class='ocrx_word' id='word_1_100' title='bbox 746 1557 883 1616; x_wconf 92' lang='lat' dir='ltr'><strong>caelorum</strong></span> <span class='ocrx_word' id='word_1_101' title='bbox 899 1562 930 1614; x_wconf 89' lang='lat' dir='ltr'><strong>et</strong></span> <span class='ocrx_word' id='word_1_102' title='bbox 943 1554 1114 1613; x_wconf 89' lang='lat' dir='ltr'><strong>Dominum.</strong></span> 
     </span>
     <span class='ocr_line' id='line_1_15' title="bbox 183 1652 346 1731; baseline 0.025 -18"><span class='ocrx_word' id='word_1_103' title='bbox 183 1652 346 1731; x_wconf 77' lang='lat' dir='ltr'><strong>Sequentia.</strong></span> 
     </span>
     <span class='ocr_line' id='line_1_16' title="bbox 445 1737 860 1796; baseline -0.002 -1"><span class='ocrx_word' id='word_1_104' title='bbox 445 1739 560 1796; x_wconf 81' lang='lat' dir='ltr'><strong>Laudes</strong></span> <span class='ocrx_word' id='word_1_105' title='bbox 574 1737 677 1796; x_wconf 89' lang='lat' dir='ltr'><strong>Crucis</strong></span> <span class='ocrx_word' id='word_1_106' title='bbox 690 1738 860 1795; x_wconf 83' lang='lat' dir='ltr'><strong>attollamus</strong></span> 
     </span>
     <span class='ocr_line' id='line_1_17' title="bbox 444 1818 888 1895; baseline -0.005 -19"><span class='ocrx_word' id='word_1_107' title='bbox 444 1819 509 1876; x_wconf 90' lang='lat' dir='ltr'><strong>Nos</strong></span> <span class='ocrx_word' id='word_1_108' title='bbox 523 1818 574 1895; x_wconf 91' lang='lat' dir='ltr'><strong>qui</strong></span> <span class='ocrx_word' id='word_1_109' title='bbox 589 1819 691 1876; x_wconf 87' lang='lat' dir='ltr'><strong>Crucis</strong></span> <span class='ocrx_word' id='word_1_110' title='bbox 707 1819 888 1877; x_wconf 82' lang='lat' dir='ltr'><strong>exsultamus</strong></span> 
     </span>
     <span class='ocr_line' id='line_1_18' title="bbox 485 1899 740 1977; baseline -0.004 -19"><span class='ocrx_word' id='word_1_111' title='bbox 485 1899 611 1977; x_wconf 80' lang='lat' dir='ltr'><strong>Speciali</strong></span> <span class='ocrx_word' id='word_1_112' title='bbox 629 1899 740 1976; x_wconf 75' lang='lat' dir='ltr'><strong>gloria,</strong></span> 
     </span>
     <span class='ocr_line' id='line_1_19' title="bbox 444 1980 873 2058; baseline -0.002 -20"><span class='ocrx_word' id='word_1_113' title='bbox 444 1981 541 2039; x_wconf 86' lang='lat' dir='ltr'><strong>Dulce</strong></span> <span class='ocrx_word' id='word_1_114' title='bbox 553 1981 644 2038; x_wconf 90' lang='lat' dir='ltr'><strong>melos</strong></span> <span class='ocrx_word' id='word_1_115' title='bbox 661 1983 758 2058; x_wconf 91' lang='lat' dir='ltr'><strong>pulset</strong></span> <span class='ocrx_word' id='word_1_116' title='bbox 771 1980 873 2051; x_wconf 90' lang='lat' dir='ltr'><strong>caelos;</strong></span> 
     </span>
     <span class='ocr_line' id='line_1_20' title="bbox 444 2061 895 2139; baseline -0.002 -21"><span class='ocrx_word' id='word_1_117' title='bbox 444 2062 539 2120; x_wconf 89' lang='lat' dir='ltr'><strong>Dulce</strong></span> <span class='ocrx_word' id='word_1_118' title='bbox 553 2061 666 2139; x_wconf 84' lang='lat' dir='ltr'><strong>lignum</strong></span> <span class='ocrx_word' id='word_1_119' title='bbox 680 2063 759 2120; x_wconf 92' lang='lat' dir='ltr'><strong>dulci</strong></span> <span class='ocrx_word' id='word_1_120' title='bbox 772 2062 895 2138; x_wconf 83' lang='lat' dir='ltr'><strong>dignum</strong></span> 
     </span>
     <span class='ocr_line' id='line_1_21' title="bbox 484 2142 789 2202; baseline 0.003 -2"><span class='ocrx_word' id='word_1_121' title='bbox 484 2143 638 2202; x_wconf 80' lang='lat' dir='ltr'><strong>Credimus</strong></span> <span class='ocrx_word' id='word_1_122' title='bbox 655 2142 789 2201; x_wconf 82' lang='lat' dir='ltr'><strong>melodia.</strong></span> 
     </span>
     <span class='ocr_line' id='line_1_22' title="bbox 442 2223 848 2297; baseline 0.005 -18"><span class='ocrx_word' id='word_1_123' title='bbox 442 2223 519 2282; x_wconf 86' lang='lat' dir='ltr'><strong>Voci</strong></span> <span class='ocrx_word' id='word_1_124' title='bbox 533 2225 596 2281; x_wconf 84' lang='lat' dir='ltr'><strong>vita</strong></span> <span class='ocrx_word' id='word_1_125' title='bbox 609 2244 669 2281; x_wconf 93' lang='lat' dir='ltr'><strong>non</strong></span> <span class='ocrx_word' id='word_1_126' title='bbox 683 2224 848 2297; x_wconf 87' lang='lat' dir='ltr'><strong>discordet;</strong></span> 
     </span>
     <span class='ocr_line' id='line_1_23' title="bbox 443 2303 946 2375; baseline -0.002 -13"><span class='ocrx_word' id='word_1_127' title='bbox 443 2303 519 2362; x_wconf 91' lang='lat' dir='ltr'><strong>Cum</strong></span> <span class='ocrx_word' id='word_1_128' title='bbox 533 2325 594 2363; x_wconf 85' lang='lat' dir='ltr'><strong>vox</strong></span> <span class='ocrx_word' id='word_1_129' title='bbox 607 2306 700 2362; x_wconf 88' lang='lat' dir='ltr'><strong>vitam</strong></span> <span class='ocrx_word' id='word_1_130' title='bbox 717 2325 777 2363; x_wconf 89' lang='lat' dir='ltr'><strong>non</strong></span> <span class='ocrx_word' id='word_1_131' title='bbox 791 2304 946 2375; x_wconf 84' lang='lat' dir='ltr'><strong>remordet,</strong></span> 
     </span>
     <span class='ocr_line' id='line_1_24' title="bbox 483 2386 837 2462; baseline 0.006 -20"><span class='ocrx_word' id='word_1_132' title='bbox 483 2386 586 2444; x_wconf 86' lang='lat' dir='ltr'><strong>Dulcis</strong></span> <span class='ocrx_word' id='word_1_133' title='bbox 599 2394 643 2444; x_wconf 88' lang='lat' dir='ltr'><strong>est</strong></span> <span class='ocrx_word' id='word_1_134' title='bbox 656 2386 837 2462; x_wconf 77' lang='lat' dir='ltr'><strong>symphonia</strong></span> 
     </span>
     <span class='ocr_line' id='line_1_25' title="bbox 442 2466 925 2536; baseline -0.004 -12"><span class='ocrx_word' id='word_1_135' title='bbox 442 2466 528 2524; x_wconf 81' lang='lat' dir='ltr'><strong>Servi</strong></span> <span class='ocrx_word' id='word_1_136' title='bbox 542 2467 643 2525; x_wconf 80' lang='lat' dir='ltr'><strong>Crucis</strong></span> <span class='ocrx_word' id='word_1_137' title='bbox 657 2469 781 2525; x_wconf 84' lang='lat' dir='ltr'><strong>Crucem</strong></span> <span class='ocrx_word' id='word_1_138' title='bbox 794 2466 925 2536; x_wconf 88' lang='lat' dir='ltr'><strong>laudent,</strong></span> 
     </span>
     <span class='ocr_line' id='line_1_26' title="bbox 442 2547 919 2625; baseline 0.004 -21"><span class='ocrx_word' id='word_1_139' title='bbox 442 2547 501 2617; x_wconf 81' lang='lat' dir='ltr'><strong>Qui</strong></span> <span class='ocrx_word' id='word_1_140' title='bbox 514 2564 569 2625; x_wconf 85' lang='lat' dir='ltr'><strong>per</strong></span> <span class='ocrx_word' id='word_1_141' title='bbox 581 2548 705 2606; x_wconf 78' lang='lat' dir='ltr'><strong>Crucem</strong></span> <span class='ocrx_word' id='word_1_142' title='bbox 718 2549 775 2605; x_wconf 87' lang='lat' dir='ltr'><strong>sibi</strong></span> <span class='ocrx_word' id='word_1_143' title='bbox 788 2549 919 2625; x_wconf 80' lang='lat' dir='ltr'><strong>gaudent</strong></span> 
     </span>
     <span class='ocr_line' id='line_1_27' title="bbox 481 2629 787 2686; baseline -0.003 0"><span class='ocrx_word' id='word_1_144' title='bbox 481 2629 562 2686; x_wconf 82' lang='lat' dir='ltr'><strong>Vitae</strong></span> <span class='ocrx_word' id='word_1_145' title='bbox 576 2629 641 2686; x_wconf 83' lang='lat' dir='ltr'><strong>dari</strong></span> <span class='ocrx_word' id='word_1_146' title='bbox 657 2649 787 2686; x_wconf 87' lang='lat' dir='ltr'><strong>munera.</strong></span> 
     </span>
     <span class='ocr_line' id='line_1_28' title="bbox 440 2709 954 2787; baseline 0.004 -23"><span class='ocrx_word' id='word_1_147' title='bbox 440 2709 551 2767; x_wconf 84' lang='lat' dir='ltr'><strong>Dicent</strong></span> <span class='ocrx_word' id='word_1_148' title='bbox 564 2729 664 2767; x_wconf 90' lang='lat' dir='ltr'><strong>omnes</strong></span> <span class='ocrx_word' id='word_1_149' title='bbox 678 2716 709 2767; x_wconf 91' lang='lat' dir='ltr'><strong>et</strong></span> <span class='ocrx_word' id='word_1_150' title='bbox 722 2710 823 2766; x_wconf 81' lang='lat' dir='ltr'><strong>dicent</strong></span> <span class='ocrx_word' id='word_1_151' title='bbox 836 2709 954 2787; x_wconf 85' lang='lat' dir='ltr'><strong>singuli,</strong></span> 
     </span>
     <span class='ocr_line' id='line_1_29' title="bbox 439 2789 839 2866; baseline 0.003 -21"><span class='ocrx_word' id='word_1_152' title='bbox 439 2789 516 2861; x_wconf 84' lang='lat' dir='ltr'><strong>Ave,</strong></span> <span class='ocrx_word' id='word_1_153' title='bbox 531 2791 609 2847; x_wconf 84' lang='lat' dir='ltr'><strong>selus</strong></span> <span class='ocrx_word' id='word_1_154' title='bbox 622 2791 715 2847; x_wconf 88' lang='lat' dir='ltr'><strong>totius</strong></span> <span class='ocrx_word' id='word_1_155' title='bbox 729 2789 839 2866; x_wconf 91' lang='lat' dir='ltr'><strong>populi,</strong></span> 
     </span>
     <span class='ocr_line' id='line_1_30' title="bbox 478 2870 758 2928; baseline 0.004 -1"><span class='ocrx_word' id='word_1_156' title='bbox 478 2870 579 2927; x_wconf 89' lang='lat' dir='ltr'><strong>Arbor</strong></span> <span class='ocrx_word' id='word_1_157' title='bbox 599 2871 758 2928; x_wconf 79' lang='lat' dir='ltr'><strong>salutifera.</strong></span> 
     </span>
     <span class='ocr_line' id='line_1_31' title="bbox 439 2950 924 3028; baseline 0.006 -22"><span class='ocrx_word' id='word_1_158' title='bbox 439 2950 465 3006; x_wconf 93' lang='lat' dir='ltr'>O</span> <span class='ocrx_word' id='word_1_159' title='bbox 480 2970 569 3027; x_wconf 85' lang='lat' dir='ltr'><strong>quem</strong></span> <span class='ocrx_word' id='word_1_160' title='bbox 582 2952 661 3020; x_wconf 86' lang='lat' dir='ltr'><strong>felix,</strong></span> <span class='ocrx_word' id='word_1_161' title='bbox 676 2972 765 3027; x_wconf 91' lang='lat' dir='ltr'><strong>quam</strong></span> <span class='ocrx_word' id='word_1_162' title='bbox 778 2953 924 3028; x_wconf 88' lang='lat' dir='ltr'><strong>praeclara,</strong></span> 
     </span>
     <span class='ocr_line' id='line_1_32' title="bbox 440 3031 771 3090; baseline 0.006 -3"><span class='ocrx_word' id='word_1_163' title='bbox 440 3031 512 3088; x_wconf 88' lang='lat' dir='ltr'><strong>Fuit</strong></span> <span class='ocrx_word' id='word_1_164' title='bbox 526 3032 587 3089; x_wconf 87' lang='lat' dir='ltr'><strong>haec</strong></span> <span class='ocrx_word' id='word_1_165' title='bbox 601 3031 706 3090; x_wconf 86' lang='lat' dir='ltr'><strong>salutis</strong></span> <span class='ocrx_word' id='word_1_166' title='bbox 719 3053 771 3089; x_wconf 90' lang='lat' dir='ltr'><strong>ara</strong></span> 
     </span>
     <span class='ocr_line' id='line_1_33' title="bbox 477 3113 865 3190; baseline 0.003 -20"><span class='ocrx_word' id='word_1_167' title='bbox 477 3113 600 3170; x_wconf 87' lang='lat' dir='ltr'><strong>Rubens</strong></span> <span class='ocrx_word' id='word_1_168' title='bbox 614 3115 641 3170; x_wconf 88' lang='lat' dir='ltr'><strong>A</strong></span> <span class='ocrx_word' id='word_1_169' title='bbox 646 3114 697 3190; x_wconf 87' lang='lat' dir='ltr'><strong>gni</strong></span> <span class='ocrx_word' id='word_1_170' title='bbox 714 3113 865 3190; x_wconf 85' lang='lat' dir='ltr'><strong>sanguine,</strong></span> 
     </span>
     <span class='ocr_line' id='line_1_34' title="bbox 435 3194 731 3270; baseline 0 -19"><span class='ocrx_word' id='word_1_171' title='bbox 435 3194 520 3270; x_wconf 85' lang='lat' dir='ltr'><strong>Agni</strong></span> <span class='ocrx_word' id='word_1_172' title='bbox 532 3194 595 3252; x_wconf 86' lang='lat' dir='ltr'><strong>sine</strong></span> <span class='ocrx_word' id='word_1_173' title='bbox 608 3195 731 3266; x_wconf 87' lang='lat' dir='ltr'><strong>macula,</strong></span> 
     </span>
     <span class='ocr_line' id='line_1_35' title="bbox 437 3274 801 3344; baseline 0 -12"><span class='ocrx_word' id='word_1_174' title='bbox 437 3275 497 3344; x_wconf 81' lang='lat' dir='ltr'><strong>Qui</strong></span> <span class='ocrx_word' id='word_1_175' title='bbox 511 3274 683 3333; x_wconf 57' lang='lat' dir='ltr'><strong>mundavit*</strong></span> <span class='ocrx_word' id='word_1_176' title='bbox 696 3274 801 3332; x_wconf 88' lang='lat' dir='ltr'><strong>saecula</strong></span> 
     </span>
     <span class='ocr_line' id='line_1_36' title="bbox 476 3357 807 3431; baseline -0.003 -17"><span class='ocrx_word' id='word_1_177' title='bbox 476 3357 528 3414; x_wconf 87' lang='lat' dir='ltr'><strong>Ab</strong></span> <span class='ocrx_word' id='word_1_178' title='bbox 542 3357 666 3431; x_wconf 84' lang='lat' dir='ltr'><strong>antiquo</strong></span> <span class='ocrx_word' id='word_1_179' title='bbox 679 3357 807 3413; x_wconf 86' lang='lat' dir='ltr'><strong>crimine.</strong></span> 
     </span>
     <span class='ocr_line' id='line_1_37' title="bbox 435 3437 943 3513; baseline 0.002 -20"><span class='ocrx_word' id='word_1_180' title='bbox 435 3437 510 3495; x_wconf 88' lang='lat' dir='ltr'><strong>Haec</strong></span> <span class='ocrx_word' id='word_1_181' title='bbox 524 3444 570 3496; x_wconf 89' lang='lat' dir='ltr'><strong>est</strong></span> <span class='ocrx_word' id='word_1_182' title='bbox 583 3438 660 3496; x_wconf 84' lang='lat' dir='ltr'><strong>scala</strong></span> <span class='ocrx_word' id='word_1_183' title='bbox 673 3443 868 3513; x_wconf 86' lang='lat' dir='ltr'><strong>peccatorum,</strong></span> <span class='ocrx_word' id='word_1_184' title='bbox 942 3452 943 3455; x_wconf 74' lang='grc'>’</span> 
     </span>
     <span class='ocr_line' id='line_1_38' title="bbox 433 3517 975 3595; baseline 0.002 -20"><span class='ocrx_word' id='word_1_185' title='bbox 433 3517 492 3575; x_wconf 90' lang='lat' dir='ltr'><strong>Per</strong></span> <span class='ocrx_word' id='word_1_186' title='bbox 505 3539 593 3595; x_wconf 87' lang='lat' dir='ltr'><strong>quam</strong></span> <span class='ocrx_word' id='word_1_187' title='bbox 608 3519 743 3576; x_wconf 86' lang='lat' dir='ltr'><strong>Christus</strong></span> <span class='ocrx_word' id='word_1_188' title='bbox 757 3519 825 3576; x_wconf 84' lang='lat' dir='ltr'><strong>Rex</strong></span> <span class='ocrx_word' id='word_1_189' title='bbox 838 3519 975 3576; x_wconf 86' lang='lat' dir='ltr'><strong>caelorum</strong></span> 
     </span>
     <span class='ocr_line' id='line_1_39' title="bbox 474 3600 807 3672; baseline -0.003 -15"><span class='ocrx_word' id='word_1_190' title='bbox 474 3600 526 3657; x_wconf 87' lang='lat' dir='ltr'><strong>Ad</strong></span> <span class='ocrx_word' id='word_1_191' title='bbox 540 3620 570 3658; x_wconf 90' lang='lat' dir='ltr'><strong>se</strong></span> <span class='ocrx_word' id='word_1_192' title='bbox 584 3601 677 3657; x_wconf 80' lang='lat' dir='ltr'><strong>traxit</strong></span> <span class='ocrx_word' id='word_1_193' title='bbox 691 3601 790 3657; x_wconf 86' lang='lat' dir='ltr'><strong>omnia</strong></span> <span class='ocrx_word' id='word_1_194' title='bbox 798 3619 807 3672; x_wconf 80' lang='lat'>3</span> 
     </span>
     <span class='ocr_line' id='line_1_40' title="bbox 433 3679 854 3757; baseline 0.002 -21"><span class='ocrx_word' id='word_1_195' title='bbox 433 3679 541 3738; x_wconf 77' lang='lat' dir='ltr'><strong>Forma</strong></span> <span class='ocrx_word' id='word_1_196' title='bbox 554 3683 637 3757; x_wconf 88' lang='lat' dir='ltr'><strong>cujus</strong></span> <span class='ocrx_word' id='word_1_197' title='bbox 649 3682 704 3738; x_wconf 92' lang='lat' dir='ltr'><strong>hoc</strong></span> <span class='ocrx_word' id='word_1_198' title='bbox 717 3680 854 3752; x_wconf 89' lang='lat' dir='ltr'><strong>ostendit,</strong></span> 
     </span>
     <span class='ocr_line' id='line_1_41' title="bbox 433 3760 900 3837; baseline 0.006 -21"><span class='ocrx_word' id='word_1_199' title='bbox 433 3760 505 3830; x_wconf 77' lang='lat' dir='ltr'><strong>Quae</strong></span> <span class='ocrx_word' id='word_1_200' title='bbox 518 3768 664 3819; x_wconf 87' lang='lat' dir='ltr'><strong>terrarum</strong></span> <span class='ocrx_word' id='word_1_201' title='bbox 681 3761 900 3837; x_wconf 89' lang='lat' dir='ltr'><strong>comprehendit</strong></span> 
     </span>
     <span class='ocr_line' id='line_1_42' title="bbox 473 3843 774 3911; baseline 0 -13"><span class='ocrx_word' id='word_1_202' title='bbox 473 3843 621 3911; x_wconf 76' lang='lat' dir='ltr'><strong>Quattuor</strong></span> <span class='ocrx_word' id='word_1_203' title='bbox 640 3843 774 3900; x_wconf 88' lang='lat' dir='ltr'><strong>confinia.</strong></span> 
     </span>
     <span class='ocr_line' id='line_1_43' title="bbox 431 3923 877 3996; baseline 0.004 -17"><span class='ocrx_word' id='word_1_204' title='bbox 431 3923 502 3980; x_wconf 88' lang='lat' dir='ltr'><strong>Non</strong></span> <span class='ocrx_word' id='word_1_205' title='bbox 515 3930 587 3980; x_wconf 88' lang='lat' dir='ltr'><strong>sunt</strong></span> <span class='ocrx_word' id='word_1_206' title='bbox 599 3943 676 3980; x_wconf 84' lang='lat' dir='ltr'><strong>nove</strong></span> <span class='ocrx_word' id='word_1_207' title='bbox 688 3930 877 3996; x_wconf 87' lang='lat' dir='ltr'><strong>sacramenta,</strong></span> 
     </span>
     <span class='ocr_line' id='line_1_44' title="bbox 430 4004 832 4063; baseline 0.007 -3"><span class='ocrx_word' id='word_1_208' title='bbox 430 4004 494 4061; x_wconf 93' lang='lat' dir='ltr'><strong>Nec</strong></span> <span class='ocrx_word' id='word_1_209' title='bbox 507 4011 640 4061; x_wconf 86' lang='lat' dir='ltr'><strong>recenter</strong></span> <span class='ocrx_word' id='word_1_210' title='bbox 653 4011 697 4061; x_wconf 87' lang='lat' dir='ltr'><strong>est</strong></span> <span class='ocrx_word' id='word_1_211' title='bbox 710 4005 832 4063; x_wconf 85' lang='lat' dir='ltr'><strong>inventa</strong></span> 
     </span>
     <span class='ocr_line' id='line_1_45' title="bbox 471 4085 774 4160; baseline 0.007 -18"><span class='ocrx_word' id='word_1_212' title='bbox 471 4085 574 4142; x_wconf 78' lang='lat' dir='ltr'><strong>Crucis</strong></span> <span class='ocrx_word' id='word_1_213' title='bbox 587 4086 649 4142; x_wconf 89' lang='lat' dir='ltr'><strong>haec</strong></span> <span class='ocrx_word' id='word_1_214' title='bbox 665 4085 774 4160; x_wconf 87' lang='lat' dir='ltr'><strong>religio.</strong></span> 
     </span>
     <span class='ocr_line' id='line_1_46' title="bbox 429 4165 801 4241; baseline 0.005 -20"><span class='ocrx_word' id='word_1_215' title='bbox 429 4166 493 4222; x_wconf 82' lang='lat' dir='ltr'><strong>Iste</strong></span> <span class='ocrx_word' id='word_1_216' title='bbox 507 4166 605 4223; x_wconf 89' lang='lat' dir='ltr'><strong>dulces</strong></span> <span class='ocrx_word' id='word_1_217' title='bbox 619 4185 710 4241; x_wconf 84' lang='lat' dir='ltr'><strong>aquas</strong></span> <span class='ocrx_word' id='word_1_218' title='bbox 722 4165 801 4238; x_wconf 82' lang='lat' dir='ltr'><strong>fecit,</strong></span> 
     </span>
     <span class='ocr_line' id='line_1_47' title="bbox 429 4246 880 4323; baseline 0.004 -20"><span class='ocrx_word' id='word_1_219' title='bbox 429 4246 488 4304; x_wconf 90' lang='lat' dir='ltr'><strong>Per</strong></span> <span class='ocrx_word' id='word_1_220' title='bbox 501 4246 575 4305; x_wconf 89' lang='lat' dir='ltr'><strong>hanc</strong></span> <span class='ocrx_word' id='word_1_221' title='bbox 588 4246 664 4304; x_wconf 86' lang='lat' dir='ltr'><strong>silex</strong></span> <span class='ocrx_word' id='word_1_222' title='bbox 677 4266 783 4322; x_wconf 84' lang='lat' dir='ltr'><strong>aquam</strong></span> <span class='ocrx_word' id='word_1_223' title='bbox 798 4248 880 4323; x_wconf 88' lang='lat' dir='ltr'><strong>jecit,</strong></span> 
     </span>
     <span class='ocr_line' id='line_1_48' title="bbox 469 4327 689 4402; baseline 0.009 -19"><span class='ocrx_word' id='word_1_224' title='bbox 469 4327 567 4402; x_wconf 89' lang='lat' dir='ltr'><strong>Moysi</strong></span> <span class='ocrx_word' id='word_1_225' title='bbox 587 4328 689 4386; x_wconf 89' lang='lat' dir='ltr'><strong>officio.</strong></span> 
     </span>
    </p>
   </div>
   <div class='ocr_carea' id='block_1_6' title="bbox 491 4454 869 4516">
    <p class='ocr_par' dir='ltr' id='par_1_6' title="bbox 491 4454 869 4516">
     <span class='ocr_line' id='line_1_49' title="bbox 491 4454 869 4516; baseline 0.011 -17"><span class='ocrx_word' id='word_1_226' title='bbox 491 4455 504 4477; x_wconf 71' lang='lat'><strong>¹*</strong></span> <span class='ocrx_word' id='word_1_227' title='bbox 520 4454 591 4501; x_wconf 77' lang='lat' dir='ltr'>MSS.</span> <span class='ocrx_word' id='word_1_228' title='bbox 607 4456 685 4502; x_wconf 82' lang='lat' dir='ltr'><strong>Cund</strong></span> <span class='ocrx_word' id='word_1_229' title='bbox 699 4456 869 4516; x_wconf 81' lang='lat' dir='ltr'><strong>F—purguvit.</strong></span> 
     </span>
    </p>
   </div>
   <div class='ocr_carea' id='block_1_7' title="bbox 0 0 1460 4904">
    <p class='ocr_par' dir='ltr' id='par_1_7' title="bbox 0 0 1460 4904">
     <span class='ocr_line' id='line_1_50' title="bbox 0 0 1460 4904; baseline 0 6"><span class='ocrx_word' id='word_1_230' title='bbox 0 0 1460 4904; x_wconf 95' lang='lat' dir='ltr'><strong> </strong></span> 
     </span>
    </p>
   </div>
  </div>
 </body>
</html>
