2910 4904
583 605 870 689 PROSAE.

719 894 747 952 I.

354 1013 404 1071 Ad
423 1012 580 1090 Sequentia
593 1015 729 1089 Domine,
744 1018 901 1096 refugium.

275 1110 399 1169 Leones
420 1111 489 1169 Deo
510 1128 639 1184 novom,
653 1123 680 1171 et
694 1123 791 1187 cetera,
806 1125 840 1173 ut
854 1138 946 1193 supra
959 1116 1032 1195 (vol.
1045 1119 1065 1178 i.
1079 1141 1108 1198 p.
1126 1122 1205 1202 135.)

706 1337 753 1396 II.

262 1450 326 1528 (An
347 1451 471 1508 M1sssn
492 1467 526 1508 1u
545 1451 681 1509 Ausone
700 1468 734 1508 m
755 1452 876 1509 Nimim
897 1453 1200 1536 Domus-Sarma.)

253 1586 375 1644 sonum
395 1601 467 1642 anei
488 1601 567 1642 uiuo
581 1603 659 1641 nove
671 1585 794 1657 cantica,

254 1666 345 1742 Cujus
359 1667 449 1724 Pater
461 1666 532 1723 fecit
545 1665 652 1739 omnia,
666 1671 761 1723 mater
774 1671 820 1722 est
835 1666 915 1741 virgo
929 1668 1134 1728 sacratissima.

253 1747 404 1804 Generans
416 1747 464 1804 hic
477 1747 571 1803 nescit
584 1745 732 1819 feminam,
746 1746 799 1803 illa
812 1752 856 1804 est
869 1749 932 1804 sine
944 1749 1010 1806 viro
1023 1750 1151 1825 gravida
1218 1770 1220 1778 ’

252 1828 387 1884 Verbum
400 1828 485 1885 corde
500 1828 598 1884 Patris
611 1828 744 1903 genitum
757 1833 827 1885 ante
840 1829 954 1902 saeoula,

193 1970 196 1974 Α
252 1910 349 1966 Alvus
362 1910 465 1965 matris
477 1909 567 1984 gessit
581 1914 766 1984 corporatum
779 1929 832 1985 per
843 1915 988 1986 tempora.

252 1990 278 2048 O
292 1990 368 2046 mira
380 1989 525 2065 genitura,
541 1989 566 2046 Ο
581 1990 726 2065 stupenda
738 1990 879 2047 nativitas
893 1993 899 2048 l

252 2072 277 2128 Ο
291 2071 387 2146 proles
400 2070 532 2146 gloriosa,
547 2070 708 2127 humanata
722 2070 892 2129 Divinitas!

251 2152 299 2209 Sic
312 2158 343 2208 tc
356 2152 546 2221 nasciturum,
561 2150 621 2207 Fili
634 2151 700 2223 Dei,
715 2158 807 2222 vates,
821 2152 901 2208 docti
911 2159 964 2209 tuo
978 2153 1100 2228 Spiritu,
1116 2154 1271 2228 dixerant3

251 2233 298 2290 Sic
312 2239 343 2289 te
357 2233 469 2289 oriente
483 2232 583 2288 laudes
596 2233 654 2288 tibi
667 2239 797 2303 cantant,
811 2251 912 2308 paoem
926 2234 1014 2291 terris
1027 2235 1124 2311 angeli
1137 2237 1288 2294 nuntiant.

251 2313 406 2370 Elementa
418 2313 519 2369 vultus
533 2312 700 2370 exhilarant
710 2333 719 2385 3

251 2393 360 2459 Omnes
380 2394 474 2451 sancti
487 2394 648 2468 gaudentes
657 2393 789 2468 jubilant

251 2475 336 2531 Salve
349 2474 519 2546 clamando,
539 2493 649 2548 nosque
662 2474 751 2546 salve,

250 2555 354 2612 Deitas
367 2556 399 2612 in
412 2554 543 2631 personis
557 2555 636 2611 ttius

250 2637 381 2712 Simplex
394 2637 469 2706 usia.

692 2780 754 2841 ΠΙ.

439 2909 489 2986 (Iu
509 2909 616 2965 Fusus
636 2908 1013 2987 &oecononum—Foru)

350 3038 452 3096 Cusus:
473 3019 685 3111 oenomaum*
695 3049 729 3096 ut
739 3060 829 3116 supra
844 3039 906 3120 (vol
919 3041 951 3098 ii.
964 3060 992 3117 p.
1010 3040 1091 3119 137).

692 3242 752 3301 IV.

457 3374 506 3432 Du
526 3389 638 3432 snucuo
657 3374 800 3445 Annum
822 3389 982 3432 leoseono.

187 3456 337 3531 Alleluya.

127 3537 231 3594 Onesi
251 3554 410 3595 ciucnuus
431 3553 598 3594 souonmna
611 3536 725 3593 cantico
737 3541 838 3593 sancto
853 3535 982 3592 Andreae
995 3534 1135 3612 praedulci
1148 3537 1285 3596 melodia:

127 3617 186 3686 Qui
200 3618 262 3675 caeli
276 3618 357 3674 curia
369 3611 493 3674 victoria
507 3619 596 3693 pollet
610 3617 788 3692 apostolica3

127 3700 221 3767 Quem
234 3699 361 3755 mundus
375 3699 503 3755 celebrat
515 3699 635 3756 fratrem
651 3698 732 3754 Petri
746 3698 833 3774 plena
846 3697 967 3754 laudum
980 3697 1084 3774 gloria.

126 3779 187 3835 Hic
200 3780 345 3836 Achaiam
359 3780 505 3855 ingressus
519 3780 604 3836 idolis
617 3779 753 3855 plurimis
767 3779 898 3835 deditam

126 3859 227 3916 Solum
242 3861 403 3916 Dominum
418 3861 571 3917 colendum
584 3861 683 3917 docuit
696 3860 753 3917 fide
767 3859 927 3916 catholica:

126 3940 218 4016 Cujus
231 3961 301 3997 mcx
321 3942 458 4018 dogmata
478 3942 593 4017 agmina
613 3940 739 4016 plurima
760 3941 966 4018 sequebantur,
980 3940 1049 3997 fidei
1062 3939 1179 3998 Christo
1192 3959 1314 3998 munera

206 4023 315 4078 dantia.

124 4100 191 4158 Hoc
202 4122 321 4159 cernens
334 4103 462 4178 perfidus
475 4103 568 4158 nimia
580 4102 689 4159 exarsit
703 4101 817 4159 invidia
829 4102 947 4178 AEgeas,
959 4107 1065 4160 caecato
1077 4100 1173 4159 ferens
1185 4107 1312 4178 pectora,

125 4181 166 4238 Et
180 4184 237 4240 Dei
251 4183 389 4241 dilectum
403 4204 456 4260 per
468 4185 589 4240 verbera
602 4183 724 4240 carceris
738 4203 854 4259 quoque
866 4183 974 4240 afflixit
987 4183 1106 4259 injuris.

126 4265 220 4333 Quem
233 4264 335 4322 videns
349 4266 493 4321 invictum
507 4284 559 4340 per
572 4265 679 4335 omnia,
693 4265 814 4340 perduci
822 4264 913 4340 jussit
926 4265 1018 4321 crucis
1031 4264 1069 4321 ad
1082 4262 1252 4340 suspendia:

427 4395 439 4419 ⁸
455 4394 506 4440 MS.
519 4394 595 4453 gives,
605 4393 652 4438 line
663 4395 684 4452 3,
700 4393 859 4440 “Antiochus
869 4391 1016 4438 etRomus.'’
