2910 4904
126 293 187 357 346
305 289 489 374 Fraymcat
503 288 543 374 of
559 310 583 353 c
596 286 719 353 Missol
733 289 773 373 of
789 286 840 353 tlte
861 287 920 354 Uoc
932 287 973 373 of
989 286 1141 353 [starola.

185 456 316 608 gligit,
337 555 511 613 quaesumus,
534 536 671 608 Domine,
692 535 869 594 humilitatis
881 542 989 593 nostrae
1002 535 1138 612 precibus
1150 539 1183 593 ct
1194 532 1319 605 hostiis;

126 617 499 758 {teplssplplllauffppetunt
516 617 637 693 proemia
650 616 832 686 meritorum,
846 616 907 674 tuis
920 617 1005 674 nobis
1017 635 1155 675 succurre
1167 614 1318 693 presidiis

153 958 173 1014 b
186 794 384 1013 gpgsspgpl,
400 894 488 952 surge
501 880 531 932 et
545 882 592 933 sta
604 875 638 932 in
650 874 773 947 excelso,
789 880 819 932 et
833 873 900 932 vide
909 874 1127 951 jocunditatem
1140 892 1208 949 quae
1221 871 1322 931 veniet

126 956 152 1016 ti
173 958 184 1013 i
197 977 215 1014 a
260 976 294 1014 eo
307 963 368 1013 tuo.

186 1054 428 1111 Postcommunio.

186 1135 304 1211 Repleti
318 1134 383 1191 cibo
397 1134 561 1211 spiritualis
581 1133 737 1204 alimoniae,
757 1133 902 1210 supplices
915 1137 953 1204 te,
968 1132 1106 1203 Domine,
1119 1131 1321 1208 deprecamur,

126 1221 161 1274 ut
183 1213 272 1289 hujus
294 1215 519 1291 participatione
541 1215 675 1291 mysterii
695 1214 798 1272 doceas
812 1233 866 1271 nos
878 1220 995 1272 terrena
1007 1213 1167 1293 despicere,
1180 1218 1213 1271 ct
1225 1230 1322 1271 amm

126 1296 261 1355 coelestia.
304 1295 363 1352 Per
377 1295 547 1352 Dominum.

593 1508 693 1565 Fran
714 1508 852 1577 Quaeri.

186 1638 282 1696 lectio
295 1638 451 1695 Malacbiae
463 1637 614 1713 Prophetae
627 1636 706 1713 (cap.
721 1637 766 1695 tit.
785 1638 855 1709 1-5;
874 1637 911 1695 iv.
927 1639 955 1709 5,
972 1637 1015 1715 6).

187 1720 262 1776 Ecce
272 1737 325 1796 ego
333 1718 421 1775 mitto
429 1718 566 1795 angelum
579 1738 678 1776 meum
691 1739 781 1794 usquc
788 1720 830 1776 od
844 1718 881 1796 (o.
897 1718 929 1798 6)
937 1737 992 1776 nec
1004 1718 1173 1777 timuerunt
1180 1736 1240 1791 mc,
1250 1715 1320 1777 dicit

130 1800 273 1858 Dominus
292 1799 481 1856 exercituum.
526 1798 574 1877 (iv.
595 1797 626 1877 5)
641 1799 716 1856 Ecce
736 1818 789 1876 ego
808 1800 928 1857 mittam
947 1799 1031 1857 vobis
1044 1799 1145 1857 Elism
1169 1818 1265 1877 wspw
1281 1796 1320 1859 ad

127 1887 157 1938 et
171 1880 333 1956 percutiam
346 1885 455 1936 terram
469 1880 663 1937 anathemate.

186 1975 380 2050 Evanqelium
393 1978 551 2034 secundum
565 1976 770 2055 Mattbaeum(
795 1977 802 1991 '
827 1978 941 2054 11-15).

188 2056 227 2113 In
247 2057 300 2113 illo
320 2062 461 2132 tempore,
477 2057 565 2114 Dixit
586 2058 608 2115 J
609 2077 674 2115 esus
696 2059 792 2115 turbis
814 2064 845 2115 et
866 2056 1018 2133 discipulis
1030 2057 1109 2115 suis:
1129 2058 1243 2129 Amen,
1255 2056 1319 2115 dico

126 2137 218 2209 vobis,
233 2137 305 2194 Non
318 2138 448 2195 surrexit
461 2139 555 2214 major
568 2159 658 2213 usquc
671 2138 714 2196 od
725 2139 785 2208 Qui
798 2138 887 2195 habet
900 2157 985 2196 aures
998 2137 1149 2211 audiendi,
1161 2138 1274 2196 audiat.

609 2381 709 2438 ans
729 2381 837 2438 Snxrs.

187 2463 320 2539 Epistola
334 2463 534 2521 Dominicclis.

185 2561 379 2635 Evoapclium
391 2561 551 2618 secundum
564 2558 677 2617 Lucam
690 2559 728 2637 (i.
747 2559 863 2636 15-18).

127 2641 300 2780 suadibili)
321 2647 460 2717 tempore,
481 2641 503 2698 J
504 2640 634 2698 ohannes
656 2640 861 2698 testimonium
881 2639 1056 2715 perhibebat
1076 2658 1169 2714 usquc
1196 2638 1239 2697 cd
1261 2637 1323 2717 ipsc

567 2894 728 2953 Donmrcs
748 2895 872 2952 anrm.

190 2973 328 3048 Officium.

189 3055 321 3112 Gaudete
335 3056 367 3111 in
382 3055 511 3112 Domino
524 3075 653 3131 semper:
674 3055 783 3113 iterum
797 3057 870 3126 dico,
885 3057 1017 3133 gaudete.
1061 3056 1214 3117 Modestis
1225 3064 1325 3117 vestm

127 3140 198 3192 nota
216 3134 255 3192 sit
272 3136 408 3192 omnibus
425 3136 610 3193 hominibus:
634 3136 779 3193 Dominus
797 3156 887 3214 prope
901 3145 953 3195 cst.
996 3137 1084 3195 Nihil
1100 3137 1224 3197 solliciti
1240 3140 1308 3198 sitis
1316 3158 1326 3211 ;

129 3214 179 3272 sed
192 3215 225 3271 in
239 3217 319 3272 omni
333 3216 464 3273 oratione
477 3216 637 3291 petitiones
650 3223 755 3274 vestrae
768 3216 955 3276 innotescant
968 3218 1048 3295 apud
1060 3218 1170 3277 Deum.

134 3295 164 3353 V
188 3296 228 3352 Et
242 3316 301 3371 pax
315 3297 374 3354 Dei
386 3316 451 3372 quae
466 3303 622 3372 exsuperat
635 3317 752 3355 omnem
765 3318 898 3356 sensum:
921 3298 1066 3357 custodiat
1079 3299 1170 3357 corda
1182 3306 1286 3359 vestm
1296 3306 1327 3361 ct

128 3375 339 3452 intelligentias
359 3383 477 3434 vestras.

190 3456 297 3513 Gloria„

192 3553 299 3612 Oratio.

189 3634 305 3691 Aurem
323 3641 416 3705 tuam,
434 3655 609 3711 quaesumus,
630 3636 766 3707 Domine,
785 3637 920 3713 precibus
940 3639 1049 3696 nostris
1067 3640 1278 3699 accommoda:
1297 3644 1328 3699 ct

129 3715 237 3771 mentis
258 3719 364 3771 nostrae
384 3716 519 3772 tenebras
538 3716 633 3792 gratia
653 3723 712 3774 tuae
732 3718 913 3776 visitationis
932 3717 1057 3777 illustra
1114 3720 1177 3790 Qui
1195 3720 1280 3779 vivis
1297 3726 1327 3779 ct

129 3813 233 3869 regnas
247 3794 335 3852 Deus.
379 3795 437 3851 Per
450 3797 548 3853 omnia
561 3795 667 3855 saecula
678 3799 856 3856 saeculorum.

190 3890 284 3948 Lectio
298 3892 435 3966 Epistola
448 3893 523 3950 beati
536 3893 627 3951 Pauli
640 3893 771 3970 Apostoli
784 3897 824 3953 od
837 3894 1005 3955 Corinthios
1017 3895 1052 3973 (1
1069 3895 1106 3954 tc.
1124 3896 1202 3975 lt)

190 3970 328 4031 Fratres:
350 3972 398 4029 Sic
412 3992 465 4030 nos
485 3973 634 4032 existimet
653 3975 741 4034 homo
761 3983 796 4034 ut
815 3976 967 4036 ministros
987 3976 1101 4035 Christi
1119 3998 1217 4054 acque
1236 3980 1281 4039 ad
1298 3984 1328 4039 ct

129 4056 201 4106 tunc
214 4049 278 4108 laus
292 4052 348 4110 erit
361 4053 519 4129 unicuique
532 4073 550 4110 a
564 4055 635 4113 Deo.

192 4144 325 4206 Gradcle.

191 4225 251 4293 Qui
264 4229 353 4301 sedes,
369 4229 504 4300 Domine,
523 4249 609 4306 super
630 4232 788 4307 Cherubin,
803 4234 900 4293 excite
912 4234 1078 4312 potentiam
1090 4240 1188 4311 tunm,
1203 4242 1239 4297 ct
1250 4236 1327 4297 voni.

136 4304 166 4361 V.
190 4305 339 4398 Quiregis
353 4309 453 4381 Israel,
469 4311 609 4384 intendc3
630 4314 682 4388 qui
695 4313 814 4373 deducis
827 4315 911 4373 velut
920 4335 1005 4374 ovem
1014 4316 1038 4375 J
1038 4316 1139 4393 oscpln
1172 4318 1328 4399 Alleluyn

136 4383 167 4441 V.
189 4383 305 4457 Exorta,
320 4388 455 4463 Domine,
469 4393 633 4467 potentiam
646 4400 738 4465 tuam,
753 4402 783 4452 et
799 4397 874 4467 veni,
889 4402 924 4454 ut
937 4397 1034 4455 salvos
1045 4396 1140 4457 facins
1152 4418 1220 4461 nos.
