2910 4904
125 282 188 345 302
664 276 788 342 Prosus.
804 324 807 331 .

124 443 282 521 Perspicua
305 443 385 501 inter
404 463 478 520 quos
501 443 608 500 emicat
626 442 740 519 inclyta
759 442 883 500 Domini
903 461 1020 519 gemma
1039 442 1190 519 stelligera
1210 442 1317 503 AEthel-

205 525 317 583 woldus
331 525 420 582 curia

126 608 222 676 Quem
242 606 371 683 Anglica
391 607 516 662 honorat
533 605 638 682 patria,
659 603 763 661 laudat
784 609 815 661 et
835 603 895 661 Dei
916 603 1025 661 dilecta
1044 604 1174 677 ecclesia,
1196 610 1279 663 amat
1294 610 1320 663 ct

226 687 288 745 lebs
301 686 407 744 caelica.

126 769 186 838 Qui
199 707 306 844 gressu]
326 767 440 824 excelsa
452 767 554 824 docuit
566 765 682 843 Anglos
695 765 759 824 caeli
771 764 909 824 scandere
922 765 1033 842 palatia
1051 785 1105 823 sua
1118 785 1173 843 per
1193 768 1320 843 exempla

206 848 312 906 lucida.

126 930 217 987 Modo
245 936 276 986 et
299 929 443 985 immensa
463 927 571 1004 gaudia
591 927 689 1000 habet,
712 947 778 1004 quse
803 946 918 1003 semper
941 927 1058 1003 optavit
1078 926 1112 985 in
1132 927 1193 986 ista
1208 946 1319 987 versans

205 1009 325 1067 mortali
338 1009 469 1066 tristitia

126 1091 209 1149 Hinc
222 1091 280 1148 tibi
293 1091 341 1161 sit,
358 1088 485 1162 Christe,
500 1089 602 1166 gloria,

126 1172 194 1241 Via,
209 1172 272 1243 lux,
288 1170 405 1243 veritas,
421 1190 537 1247 paxque
551 1177 671 1227 tuorum
684 1169 785 1227 omnia
797 1189 850 1246 per
862 1176 995 1246 tempora
1006 1188 1016 1242 ;

127 1253 233 1310 Caelica
246 1272 298 1329 per
311 1264 413 1328 quem*
428 1251 518 1328 pollet
531 1250 751 1311 AEthelwoldus
761 1250 794 1307 in
806 1250 882 1308 aula

127 1334 187 1391 Pro
200 1333 315 1390 meritis
332 1333 417 1408 cujus
431 1351 509 1388 nunc
525 1338 639 1389 nostras
652 1351 752 1408 preces
765 1336 797 1389 et
810 1350 933 1389 munera
946 1330 1001 1389 hac
1015 1330 1102 1389 domo
1116 1350 1200 1391 sacra
1217 1330 1320 1409 suscipe

206 1434 259 1490 per
272 1414 388 1484 saecula,
403 1413 524 1488 praemia
537 1419 568 1470 et
580 1413 694 1489 fulgida
707 1432 761 1470 nos
775 1431 879 1470 revoca
892 1412 930 1469 ad
943 1412 1022 1469 alta:

128 1496 194 1565 Quo
207 1495 284 1552 stola
297 1514 386 1552 aurea
399 1513 505 1551 corona
518 1499 549 1550 ct
566 1493 692 1570 gloriosa
704 1503 839 1569 comptus
852 1493 1002 1570 promicat

127 1576 234 1634 Pastor
245 1575 294 1633 hic
307 1574 415 1631 rutilus
428 1574 540 1650 lampas
554 1574 691 1632 Ecclesiae
705 1582 812 1632 sanctae
825 1574 898 1632 satis
911 1574 1031 1650 inclyta,

127 1657 198 1714 Jam
219 1658 300 1714 inter
318 1674 445 1732 superna
469 1675 623 1713 coruscans
647 1655 743 1713 sidera
761 1656 794 1713 iu
818 1661 977 1731 conspectu
998 1654 1125 1713 Domini
1147 1654 1231 1715 sidus
1248 1674 1320 1715 nunu

207 1757 329 1795 aureum
343 1736 425 1793 omni
437 1735 585 1793 virtutum
599 1736 710 1812 gloria:

128 1819 217 1876 Sacra
236 1818 289 1894 qui
308 1816 422 1876 talenta
439 1816 601 1893 prudenter
621 1817 768 1893 dispersit,
783 1817 947 1894 duplicavit
968 1816 1074 1894 lingua
1094 1817 1265 1895 doctiloqua
1275 1838 1323 1896 pru

207 1900 264 1956 sibi
278 1899 375 1975 palma
389 1897 491 1955 futura
503 1917 616 1974 supera.

127 1980 169 2037 Et
181 1981 252 2055 quia
265 1986 366 2036 nostra
379 1979 485 2036 merita
497 1998 557 2036 nou
570 1979 673 2035 valent
685 1978 818 2036 obtinere
830 1978 911 2051 talia,

126 2061 191 2118 Tua
205 2080 258 2117 nos
271 2059 342 2129 sola,
356 2059 492 2131 Domine,
507 2059 628 2136 adjuvet
640 2059 769 2136 petimus
782 2059 945 2130 clementia,

129 2142 201 2210 Quae
214 2160 267 2198 nos
281 2160 396 2216 semper
408 2141 525 2197 muniat
538 2161 544 2198 :

127 2223 168 2278 Et
181 2222 238 2298 piis
252 2221 386 2296 precibus
399 2220 471 2278 almi
484 2221 620 2278 omnibus
632 2220 826 2279 AEthelwoldi
839 2221 940 2278 relaxa
952 2222 1142 2297 peccamina3

126 2303 224 2360 Nobis
237 2303 317 2379 pacis
330 2311 464 2378 tempora
477 2309 508 2359 et
521 2308 628 2379 praesta
641 2321 814 2379 semperque
828 2303 1030 2379 prosperrima

126 2385 231 2460 Regna
244 2384 369 2441 cencede
381 2384 468 2440 beata
481 2389 650 2440 sanctorum
663 2384 696 2439 in
708 2383 802 2461 gloria
816 2390 847 2441 ct
859 2389 962 2441 sancta
980 2384 1178 2443 tabernacula.

128 2465 193 2524 Ubi
206 2471 291 2541 pater
304 2484 419 2536 aureus,
434 2484 522 2540 quem
535 2470 637 2521 nostra

128 2546 238 2603 Cantat
251 2565 331 2602 nunc
344 2565 473 2603 cemaena
486 2564 612 2602 consono
626 2549 770 2602 concentu
783 2546 930 2604 resultans
943 2547 1066 2619 cantica,

127 2628 191 2684 [lua
204 2626 367 2702 perfruitur
379 2627 442 2683 sine
456 2627 515 2682 fine
528 2626 695 2683 veneranda
708 2627 874 2700 praesentia,

129 2707 207 2777 Quia
219 2714 251 2764 te
264 2708 358 2764 sulum
373 2707 479 2764 dilexit
493 2707 657 2763 Dominum
677 2708 886 2782 superomnia,

128 2789 192 2846 Tus
201 2789 317 2865 jugiter
331 2788 478 2863 complens
491 2787 618 2844 fideliter
626 2788 710 2863 jussa
723 2787 827 2846 cselica

129 2869 221 2945 Oujus
235 2889 287 2945 per
301 2889 383 2926 sacra
396 2868 535 2945 suffragia

128 2951 240 3007 Nostra
253 2951 382 3007 emunda
394 2950 562 3025 praecordia,

128 3031 188 3100 Qui
201 3051 306 3108 regnes
319 3051 372 3107 per
384 3030 498 3110 saeculu.

657 3238 794 3298 XLVII.

128 3383 178 3442 Ad
188 3383 346 3459 Sequentia
360 3350 573 3442 Hieronimum
586 3400 628 3441 nn
642 3400 756 3443 sarcre
777 3402 993 3446 uouncnouuu
1013 3388 1120 3447 Parus
1139 3388 1325 3451 Bnusnrura

189 3496 339 3572 Alleluye.

127 3604 216 3661 Aucs
236 3620 375 3662 suranus
395 3620 513 3662 cuucra
527 3604 580 3680 qui
592 3606 738 3682 gubernat
750 3604 853 3664 sidera

128 3685 218 3761 Regis
231 3704 303 3741 arva
316 3686 435 3760 pariter,
451 3685 622 3742 moderatur
634 3686 737 3765 maria,
754 3687 806 3763 qui
819 3688 931 3746 creavit
944 3689 1052 3760 omnia,

128 3765 216 3822 Plebs
229 3765 262 3821 in
275 3766 344 3823 aula
357 3766 454 3823 dicata
467 3766 515 3842 pie
529 3766 648 3824 Christo
662 3774 779 3845 precata
793 3789 873 3826 nunc
886 3768 1003 3828 effunde
1015 3770 1132 3843 devota,

129 3847 351 3922 Patronumque
365 3845 559 3904 Benedictum
573 3867 670 3906 exora.

128 3927 205 3997 Cum
218 3927 323 4065 salutel
333 3927 511 4020 sempitema
524 3929 642 3985 venium
662 3930 759 4007 capias
773 3950 831 4007 quo
845 3931 989 3994 caelestem
1009 3932 1073 4009 ejus
1084 3939 1190 3994 sancta
1205 3956 1326 4015 sequens

209 4028 315 4084 exemp
327 4028 396 4069 arra.

128 4089 175 4146 Ut
199 4091 282 4162 cujus
302 4090 572 4227 ctiarpstvenerarm
595 4091 671 4150 festa
692 4091 832 4169 praeclara
851 4113 917 4170 quae
938 4094 1038 4153 nitent
1056 4095 1090 4155 in
1103 4096 1176 4157 orbe
1199 4100 1326 4177 annique

208 4178 325 4227 reveunt
338 4191 372 4228 cr
392 4191 442 4228 ra

129 4249 215 4307 Illius
229 4251 261 4306 in
275 4251 330 4308 hec
344 4252 411 4310 sede
425 4252 572 4311 tumulate
582 4252 654 4311 dum
667 4255 799 4313 membra
811 4254 893 4315 fuere
906 4256 992 4317 beata
1004 4276 1103 4319 coram
1116 4279 1185 4339 quac
1193 4260 1327 4343 jungaris

209 4352 325 4408 organa

634 4426 648 4451 ⁵
663 4425 820 4488 lus-quod
850 4450 852 4455 ·
