2910 4904
661 257 778 321 Prosae.

627 467 786 524 XXXVI.

529 592 592 669 (Da
612 607 726 648 saucro
747 590 920 668 Maarmo.)

184 715 279 772 Proca
292 711 502 788 ad·Sequcatia
517 712 664 781 Quoniam
678 713 760 769 Deus
773 712 875 788 crscjor.

146 817 150 826 '
185 812 333 888 Alleluya.

126 911 278 968 Pnonsar
297 924 423 965 oscam
432 909 495 983 jam
510 911 633 964 conetur
646 907 753 963 intima

126 990 264 1048 Carmine
277 989 362 1064 signa
376 988 503 1045 Martini
516 988 672 1045 multiflua.

127 1071 263 1129 Gestavit
282 1071 336 1163 ‘qui
360 1069 465 1126 bellica
489 1069 589 1125 meriti
610 1069 671 1125 tela
691 1068 768 1126 mole
792 1069 916 1144 praedita
936 1067 1049 1146 Christi
1072 1068 1195 1126 dextera
1218 1068 1324 1126 collata

126 1231 183 1289 Per
200 1152 410 1308 ‹idhnllidcens
431 1231 550 1306 agmina
567 1229 715 1287 virtutum
733 1229 832 1287 studio
849 1230 1001 1287 Tarta1ica
1013 1230 1078 1288 caeli
1095 1230 1247 1306 splendida
1260 1250 1325 1288 con-

207 1312 357 1370 scenderet
372 1313 486 1388 gaudia.

126 1395 225 1451 Natus
238 1413 308 1449 nam
322 1393 494 1469 praefulgida
509 1392 653 1467 locuplete
667 1391 738 1448 satis
751 1391 895 1467 prosapia,

126 1475 272 1532 Mandata
285 1474 384 1550 legens
398 1493 487 1544 sacra,
503 1473 653 1529 mundana
666 1472 795 1529 deseruit
809 1492 953 1548 prospera

126 1555 274 1631 Baptismi
286 1561 468 1612 sacramenta
481 1553 607 1610 necdum
620 1553 782 1629 percipiens
795 1553 891 1625 solita,

125 1636 214 1693 Texit
227 1637 311 1711 egeni
324 1636 405 1692 nuda
418 1636 504 1693 corde
519 1634 631 1691 Christi
644 1654 746 1710 gerens
762 1635 882 1692 monita.

125 1717 184 1776 Sed
197 1717 234 1773 de
254 1736 359 1810 supera
379 1723 476 1774 certus
489 1716 590 1773 laurea
610 1714 688 1791 quod
708 1715 838 1785 duraret,
852 1715 932 1773 fatur
951 1714 1004 1771 illa
1021 1714 1112 1771 verba
1125 1718 1218 1770 strato
1232 1713 1324 1789 quies

125 1804 288 1935 Martiiiiiil
301 1798 381 1935 {thaan
391 1897 494 1955 gerens
520 1883 647 1953 pectora,
668 1877 782 1953 pollens
805 1877 875 1948 vita,
898 1876 974 1933 mihi
997 1876 1125 1933 contulit
1148 1875 1206 1932 ista
1230 1874 1325 1932 adhuc

209 1959 430 2016 catechuminus
444 1958 582 2034 tegmina.

127 2040 220 2097 Trina
233 2040 438 2097 defunctorum
452 2045 519 2115 post
533 2040 621 2096 busta
633 2044 851 2096 restauraverat
863 2039 933 2095 vitae
946 2057 1075 2114 corpora.

125 2122 196 2196 Ipse
210 2140 275 2196 quae
289 2127 406 2196 peracta
419 2126 485 2195 post
496 2120 572 2176 mira
586 2139 723 2195 corporea
737 2119 826 2195 liquit
840 2119 994 2195 ergastula.

125 2203 261 2258 Tonante
275 2201 409 2276 protinus
423 2221 492 2257 nam
516 2201 629 2276 fulgore
643 2200 697 2256 tali
710 2200 854 2275 praeconio
868 2201 1033 2256 lamentans
1047 2199 1216 2257 monachica

126 2283 231 2357 Atque
245 2282 378 2357 virginea
391 2288 510 2338 caterva
518 2295 592 2339 ‘voce
606 2286 780 2356 proruperat
794 2280 946 2350 lacrimosa
959 2281 1045 2337 talia:

128 2363 155 2418 O
178 2369 287 2455 pastor.
300 2363 376 2420 hanc
400 2369 547 2418 catervam
571 2363 619 2418 cui
647 2362 808 2418 committis
829 2381 908 2418 nunc
930 2361 1077 2437 exiguam,
1101 2361 1164 2416 caeli
1186 2359 1327 2417 scandens

126 2451 368 2582 Invaddrlltqdhliin
382 2522 465 2580 illam
479 2542 614 2600 rapacum
630 2524 768 2598 luporum
782 2522 947 2579 mordentia
959 2521 1154 2598 plurimorum
1165 2522 1290 2597 agmina

126 2605 214 2662 Inter
236 2604 309 2697 talia
330 2605 380 2662 sed
402 2610 520 2661 sanctus
540 2604 628 2660 verba
647 2604 710 2660 caeli
729 2603 897 2660 conscendit
914 2603 975 2660 alta
993 2602 1105 2680 fulgida
1123 2609 1256 2677 comptus
1269 2602 1327 2659 vic

125 2691 384 2842 Hichhnhlodica
406 2771 563 2822 contentus
584 2764 648 2821 vita
669 2762 800 2821 Abrahae
823 2765 996 2840 patriarchae
1018 2765 1160 2821 mansitat
1185 2764 1253 2820 sinu
1274 2783 1327 2839 per

127 2929 170 2986 Et
184 2847 402 3000 ndffiellli'rtine,
417 2927 463 2984 fac
476 2947 561 3003 prece
574 2926 702 3002 benigna
715 2926 776 2982 frui
788 2925 893 3002 palma

635 3129 814 3188 XXXVII.

552 3252 613 3331 (Du
634 3254 752 3312 Sauero
773 3252 910 3332 Bmmo.)

271 3377 365 3433 Prosc
379 3376 588 3450 adsequenda
603 3376 751 3445 Quoniam
765 3376 848 3432 Deus
862 3375 966 3432 minor.

271 3474 418 3549 Alleluya.

212 3569 336 3640 OAELUM,
348 3586 441 3640 maan,
457 3585 568 3628 rannus
583 3576 613 3626 et
628 3590 692 3646 quae
706 3575 776 3626 sunt
790 3574 905 3642 cimela,

211 3649 303 3706 Uaelos
316 3652 367 3725 qui
381 3651 456 3726 regit
469 3670 583 3707 summa
596 3650 729 3727 potentia
743 3650 872 3707 Domino
886 3649 1007 3707 laudum
1015 3650 1146 3726 jubilent
1159 3671 1267 3727 organa
1278 3672 1287 3724 ;

210 3729 343 3786 Praesens
357 3737 387 3787 et
400 3731 489 3787 turba
502 3738 601 3788 mente
615 3731 750 3788 benivola
763 3750 890 3788 consona
904 3751 973 3789 voce
986 3739 1124 3808 personet
1137 3733 1256 3790 cantica

211 3811 270 3880 Qui
284 3811 346 3867 loca
359 3811 438 3867 orbis
451 3812 549 3886 ampla
562 3818 651 3887 atque
665 3811 752 3887 longa
766 3818 912 3869 terrarum
925 3814 1021 3889 spatia

212 3891 357 3948 Doctrina
371 3891 513 3949 catholica
525 3892 687 3949 illustravit
701 3912 782 3950 sacra
795 3893 867 3950 dans
881 3893 1027 3964 mandata,

209 3972 395 4047 Apostolicos
409 3972 518 4048 eligens
530 3974 661 4031 doctores
674 3973 732 4030 fide
746 3974 905 4030 fortissima

210 4053 257 4109 Ac
271 4053 427 4110 sanctitate
440 4054 580 4128 praeditos
594 4073 708 4111 necnon
722 4061 752 4111 et
765 4055 840 4111 mira
853 4055 983 4112 scientia

211 4134 257 4190 De
271 4153 396 4209 quorum
410 4153 476 4192 arce
489 4155 604 4192 summa
617 4141 647 4192 et
660 4135 813 4211 perspicua

210 4214 305 4271 Adest
319 4214 441 4272 Birinus
454 4222 596 4291 tanquam
609 4235 724 4293 gemma
737 4215 905 4292 splendida:

209 4295 368 4353 Provincia
382 4297 427 4371 cuj
432 4316 466 4353 us
479 4297 537 4353 ista
550 4316 602 4372 per
616 4297 765 4354 virtutum
777 4297 884 4362 merita

211 4375 362 4434 Catholica
375 4383 557 4435 sacramenta
570 4383 652 4434 tenet
665 4396 699 4434 ac
712 4376 891 4435 fundamina
