2910 4904
645 314 789 380 Ocutelce
810 313 932 381 Misce.

529 481 602 539 Tria
613 481 769 558 privilegia

567 562 672 638 Regna
685 562 742 619 tibi
755 562 815 621 alia

608 643 746 701 Subdunt
760 643 793 700 in
806 642 937 716 honore,

526 723 614 781 Fides
628 732 659 781 et
672 724 781 781 militia

568 804 739 880 Unctioque
752 805 841 881 regia,

608 885 741 954 Quarum
755 885 841 943 flores
855 886 946 959 flore3

528 966 605 1038 Tibi,
621 966 647 1023 Ο
663 967 732 1023 urbs
746 966 866 1043 inclyta,

568 1047 659 1104 Omni
672 1046 759 1104 laude
772 1047 905 1123 praedita,

608 1128 710 1185 Mater
722 1128 897 1200 studiorum,

530 1208 585 1266 Est
598 1228 705 1266 corona
718 1208 837 1280 credita,

568 1288 610 1346 Et
623 1289 656 1346 in
669 1295 700 1347 te
714 1289 851 1366 reposita,

608 1368 693 1429 Urbs
708 1370 896 1429 Parisiorum.

528 1451 569 1508 In
582 1448 641 1508 Dei
654 1451 832 1527 praeconium

568 1532 678 1589 Totum
692 1532 793 1589 confer
805 1531 947 1606 studium,

609 1612 718 1669 Totum
732 1632 782 1670 cor
794 1632 928 1689 appone;

530 1694 603 1764 Quae
618 1692 731 1751 christi
744 1694 907 1769 palladium

569 1774 610 1830 Et
624 1793 711 1831 sacrae
726 1776 887 1833 sacrarium

608 1855 701 1912 Facta
715 1875 745 1912 es
762 1874 884 1914 coronae.

474 1933 476 1937 ’
528 1936 551 1995 J
552 1955 603 1994 esu
617 1936 673 2012 pie,
688 1935 710 1993 J
711 1955 762 1993 esu
776 1937 861 2009 bone,

569 2017 682 2074 Nostro
695 2017 782 2074 nobis
796 2018 828 2075 in
841 2037 933 2094 agone

610 2097 730 2174 Largire
743 2098 898 2155 victoriam
908 2119 917 2171 3

529 2178 630 2235 Mores
643 2186 761 2235 nostros
775 2180 816 2237 sic
829 2199 979 2256 compone,

571 2258 619 2317 Ut
630 2265 781 2336 perpetuae
795 2279 909 2318 coronae

611 2340 782 2397 Mereamur
794 2341 925 2417 gloriam.
977 2340 1085 2399 Amen.

248 2442 416 2502 Secundum
429 2438 455 2495 J
453 2439 595 2497 ohannem
608 2437 683 2514 (xire.
702 2439 749 2495 1-5
751 2438 779 2511 ).

249 2524 289 2581 In
302 2522 354 2581 illo
367 2527 507 2596 tempore,
522 2519 730 2596 Apprehendit
744 2519 860 2577 Pilatus
876 2518 898 2577 J
899 2539 990 2593 esum,
1006 2526 1037 2578 et
1056 2519 1218 2597 flagellavit
1237 2540 1330 2597 acque
1346 2518 1386 2579 ad

189 2605 295 2664 Exivit
308 2623 377 2681 ergo
390 2603 412 2660 J
413 2621 479 2659 esus
491 2607 613 2678 portans
626 2600 759 2677 spineam
772 2620 910 2658 coronam
923 2606 954 2659 et
971 2620 1154 2679 purpureum
1166 2601 1385 2661 vestimentum.

251 2685 353 2744 Credo.

252 2766 442 2840 offertorium.
800 2796 803 2801 >

250 2847 352 2905 Gloria
375 2852 405 2903 et
428 2845 538 2901 honore
562 2842 708 2902 coronasti
731 2863 818 2902 eum:
842 2848 874 2901 et
897 2843 1078 2903 constituisti
1101 2863 1170 2901 eum
1191 2862 1281 2923 super
1303 2862 1389 2925 opero

189 2948 331 2988 manuum
345 2933 473 2998 tuarum,
489 2924 625 2984 Domine.

250 3008 371 3068 Secreto.

249 3091 381 3147 Tuorum
402 3087 540 3158 militum,
557 3106 611 3144 rex
634 3087 829 3163 omnipotens,
843 3085 987 3144 virtutem
1007 3087 1180 3160 corrobora3
1205 3092 1242 3145 ut
1264 3106 1340 3165 quos
1357 3086 1398 3147 in'

189 3171 278 3246 hujus
291 3168 481 3227 mortalitatis
495 3167 590 3224 stadio
603 3168 752 3244 unigeniti
765 3167 837 3225 Filii
850 3167 897 3224 tui
910 3186 1017 3224 corona
1030 3167 1170 3239 laetificat,
1187 3172 1389 3229 consummato

189 3272 275 3310 cursu
290 3251 466 3319 certaminis,
478 3249 711 3306 immortalitatis
724 3248 861 3306 bravium
874 3248 1104 3325 apprehendant.
1147 3248 1208 3307 Per
1219 3248 1359 3309 eundem.

249 3331 391 3406 Proesatic
405 3330 440 3388 de
455 3329 553 3390 cruce.

251 3412 432 3473 Communia

250 3494 390 3565 Posuisti,
404 3492 540 3564 Domine,
555 3491 588 3550 in
602 3492 698 3570 capite
711 3492 775 3570 ejus
788 3511 927 3551 coronam
940 3491 976 3549 de
989 3491 1088 3569 lapide
1100 3489 1239 3568 pretioso.

249 3575 492 3634 Pcctoommaaio.

250 3656 400 3733 Supplices
425 3661 454 3712 te
477 3675 623 3733 rogamus,
645 3655 831 3732 omnipotens
855 3653 946 3728 Deus,
971 3659 1007 3712 ut
1030 3652 1093 3712 haec
1120 3660 1306 3713 sacramenta
1327 3672 1390 3733 qun

191 3738 376 3815 sumpsimus,
393 3756 446 3811 per
458 3743 648 3794 sacrosanctae
663 3736 735 3793 Filii
749 3736 795 3793 tui
808 3755 931 3808 coronae,
943 3736 1028 3811 cujus
1035 3734 1192 3795 ‚sollemnia
1198 3754 1389 3807 mmmm,

189 3820 342 3889 virtutem,
357 3818 442 3874 nobis
455 3817 612 3894 proficiant
625 3817 662 3873 ad
676 3816 827 3874 medelam
866 3816 926 3874 Per
939 3814 1067 3874 eundem
1079 3814 1247 3875 Dominum
1258 3822 1390 3877 nmirum

190 3901 211 3959 J
213 3920 295 3958 esum
309 3899 461 3958 Christum
476 3897 588 3957 Filium
600 3904 695 3957 tuum.
740 3896 800 3966 Qui
807 3903 915 3970 tecum,
929 3906 957 3956 et
969 3905 1067 3956 odero.

642 4068 795 4127 Gaurana
815 4065 952 4126 M1ss1a*

219 4264 225 4276 .
249 4181 422 4276 §aquantur
448 4180 672 4257 informationes
698 4190 725 4241 et
751 4180 870 4240 cautela
896 4180 1079 4240 observando
1099 4179 1270 4257 presbytero
1292 4178 1392 4245 alant

192 4263 491 4402 dtvtpamcgakbgpgala
514 4349 567 4416 est,
593 4348 629 4401 ut
652 4342 785 4402 sacerdos
808 4344 928 4402 missam
955 4342 1158 4402 celebraturus
1184 4342 1390 4407 amanum

501 4469 514 4495 ¹
531 4469 584 4516 The
596 4468 693 4517 canen
703 4482 744 4516 arc
753 4469 779 4516 in
789 4469 830 4517 the
840 4468 937 4530 printed
947 4468 1008 4517 uda
1017 4467 1084 4529 only.
1174 4490 1180 4498 ·
