2910 4904
214 291 253 352 16
655 291 752 357 Festo
774 292 965 358 Februarii.

270 454 411 529 Epistola.
455 455 529 514 Ecce
538 457 670 514 sacerdos
680 478 813 534 magnus,
825 459 919 536 quiin
930 461 1032 518 diebus
1043 461 1104 518 suis
1113 460 1226 536 placuit
1235 461 1301 518 Deo
1310 460 1414 518 Israel.

274 535 409 593 (lo-odolo.
453 537 528 594 Ecce
545 539 686 596 sacerdos.

271 616 420 692 Alleluya.
470 618 499 675 V.
524 619 662 676 Posuisti.

272 698 493 771 nosmetipos*
533 699 638 756 Nolite
651 701 755 758 timere
769 701 894 777 pusillus
907 722 979 780 grex
992 723 1083 778 osque
1097 704 1138 760 od
1161 703 1323 762 constituet
1337 723 1416 761 eum.

275 777 468 856 Offertorium.
512 780 621 838 Inveni
634 781 741 839 David.

276 858 455 919 Communia
499 861 610 919 Beatus
624 882 732 921 servus.

452 1078 585 1136 Ocravn
605 1095 726 1136 sinsin
747 1081 894 1137 Aornum.
947 1078 985 1157 (v.
1004 1079 1072 1137 Kal.
1089 1077 1174 1157 Feb.)

276 1215 416 1289 Officium.
459 1216 589 1274 Vultum
603 1223 698 1276 tuum.

278 1297 387 1353 Oratio.

276 1377 367 1448 Deus,
395 1378 448 1454 qui
475 1398 528 1436 nos
555 1398 655 1436 annua
688 1380 781 1436 beatae
810 1380 937 1456 Agnetis
964 1380 1104 1456 martyris
1127 1386 1187 1437 tuoe
1219 1379 1419 1438 sollemnitate

214 1456 353 1530 laetificas,
370 1459 416 1531 da,
432 1479 607 1535 quaesumus,
623 1465 761 1535 utquam
783 1480 958 1518 veneramur
980 1461 1073 1518 officio
1087 1462 1177 1519 etiam
1192 1461 1248 1536 piae
1262 1481 1416 1520 conversa-

214 1539 305 1595 tionis
320 1559 477 1614 sequamur
490 1541 632 1616 exemplo.
676 1541 736 1599 Per
746 1542 918 1599 Dominum.

275 1619 417 1695 Epistola.
463 1621 640 1680 Confitebor.

265 1701 411 1759 -Groolol
455 1703 572 1760 Diffusa
586 1708 637 1760 est.

275 1782 423 1858 Alleluya.
473 1782 501 1841 V.
526 1784 628 1858 Specie
641 1789 702 1840 tua.

274 1863 476 1937 Eooayeliuoa
521 1865 623 1921 Simile
637 1871 681 1921 est
694 1884 819 1940 regnum
832 1865 969 1922 caelorum
984 1865 1129 1922 thesauro.

278 1943 470 2016 Qffertooium.
515 1946 693 2016 Offerentur,
710 1947 817 2002 opirius.

278 2023 398 2083 Secreto.
1402 2080 1405 2085 .

278 2104 372 2180 Super
385 2106 446 2177 has,
463 2122 637 2181 quaesumus,
647 2107 789 2179 Domine,
804 2103 978 2165 oblationes
988 2107 1154 2165 benedictio
1174 2106 1291 2182 copiosa
1304 2106 1421 2169 descan-

216 2185 276 2256 dat,
292 2205 356 2260 quae
371 2195 401 2243 et
416 2188 677 2245 sanctificationem
693 2189 779 2245 nobis
800 2188 959 2245 clementer
979 2195 1124 2264 operetur,
1146 2193 1177 2245 et
1197 2188 1233 2245 de
1246 2193 1421 2265 martyrum

216 2286 269 2323 nos
283 2267 482 2327 sollemnitate
496 2269 632 2326 laetificet.
676 2269 735 2326 Per
749 2269 920 2326 Dominum.
1428 2274 1431 2279 ’

278 2346 457 2406 Communia
502 2349 604 2407 Simile
619 2356 664 2408 est
677 2369 801 2426 regnum
815 2350 955 2407 caelorum
968 2350 1083 2406 homini
1096 2350 1282 2427 negotiatori.

279 2429 543 2491 Postoomotoonro.†

279 2509 472 2586 Sumpsimus,
489 2509 626 2582 Domine,
643 2512 822 2569 celebritatis
839 2532 944 2568 annuae
958 2511 1061 2568 votiva
1080 2517 1283 2584 sacramenta,
1302 2517 1421 2587 presta,

217 2610 393 2726 poossumus,
422 2599 457 2650 ut
481 2593 651 2668 temporalis
683 2592 768 2649 nobis
801 2593 871 2649 vitae
906 2593 1036 2650 remedia
1055 2594 1207 2668 praebcant
1233 2598 1266 2649 et¹
1291 2597 1420 2651 aeternoe.

246 2691 284 2728 er.

331 2849 460 2906 Sanora
481 2849 638 2919 Bamnnrs,
661 2865 784 2905 sicma
806 2864 844 2905 nr
866 2862 1025 2904 nsrnora
1071 2845 1124 2921 (iii.
1145 2846 1214 2904 Kal.
1231 2844 1315 2923 Feb.)

281 2987 420 3061 Officium.
465 2985 614 3043 Dilexisti

281 3069 391 3125 Oratio.
428 3066 632 3146 ‘Omnipotens
645 3066 830 3142 sempiterne.

279 3148 420 3224 Epistola.
464 3147 623 3205 Mulierem
631 3149 747 3221 fortem,
757 3168 851 3222 qooere
860 3147 894 3204 in
902 3148 986 3206 Festo
995 3156 1102 3205 sooctoe
1111 3144 1218 3205 Moriae
1226 3146 1422 3224 Maqdolenoe.

282 3229 417 3288 Grodole.
460 3228 612 3286 Dilexisti.

280 3311 429 3386 Alleluya.
481 3310 510 3368 V.
534 3310 652 3366 Diffusa
665 3316 717 3366 est.

280 3391 482 3466 Eooapelr'um.
526 3392 628 3448 Simile
642 3397 687 3446 est
700 3410 824 3467 regnum
839 3393 976 3450 caelorum
989 3391 1137 3449 thesauro.

282 3472 477 3547 Offirtoriom.
521 3473 605 3529 Filiae
620 3490 729 3547 regum.

282 3553 465 3612 Compositio.
509 3553 612 3610 Simile
626 3559 670 3610 est
683 3572 807 3629 regnum
822 3553 966 3611 caelorum.

366 3779 494 3837 Siscia
515 3779 667 3852 Bararus,
688 3793 827 3835 ursanus
848 3791 910 3833 non
931 3792 1091 3834 uanrrms.
1136 3774 1219 3852 (Kal.
1235 3773 1321 3851 Feb.)

283 3920 423 3994 Officium.
467 3917 598 3974 Vultum
611 3923 706 3973 tuum.

281 4001 390 4058 Oratio.
435 3998 628 4074 Omnipotens
644 3995 820 4072 sempiterne
834 3997 925 4066 Deus,
941 3996 975 4052 lo
990 3994 1154 4055 Communi.

281 4081 423 4158 Epistola.
467 4080 527 4149 Qui
540 4079 692 4155 gloriatur.

282 4221 294 4244 ’
311 4220 363 4265 MS.
376 4217 546 4274 A.-Vigilote
557 4217 613 4275 quia
623 4215 729 4261 nescitis.

279 4280 292 4339 †
307 4279 360 4324 MS.
372 4276 618 4323 D.—Postcommuoio.
650 4276 759 4334 Sumpta,
770 4288 916 4332 quesumus,
924 4274 1033 4330 Domine,
1044 4277 1125 4319 sancta
1133 4272 1248 4334 mysteria
1262 4287 1308 4320 nos
1321 4273 1427 4321 interius

220 4338 373 4396 exteriusque
391 4341 542 4392 conservent,
559 4338 584 4380 ct
592 4334 755 4380 intercedente
764 4333 834 4378 boatu
849 4337 953 4393 Agnete,
963 4333 1059 4391 virgine
1070 4337 1113 4380 tuo
1123 4337 1147 4380 et
1157 4336 1269 4392 martyre,
1279 4337 1428 4392 praesentem

220 4395 291 4441 nobis
301 4397 425 4442 conferant
435 4396 586 4441 clementiam
596 4398 620 4440 et
631 4400 750 4440 aternum.
782 4394 836 4440 Per.

281 4455 342 4502 This
351 4471 436 4516 agrees
444 4456 506 4503 with
515 4456 556 4501 the
568 4455 661 4500 Sarum.
