2910 4904
663 269 784 335 Prosoe.

126 435 175 492 Ne
188 454 304 512 paveas,
317 435 420 493 divina
433 435 503 513 quia
516 437 598 512 prole
611 436 756 494 laetaberis
770 442 800 494 te
814 436 876 494 fore
889 436 1040 514 gravidam
1054 458 1061 494 ε

127 516 314 591 Quapropter
327 523 357 574 et
370 524 403 574 tu
419 518 480 575 sola
494 518 572 575 inter
585 524 706 575 cunctas
716 517 855 575 mulieres
868 524 963 575 mater
975 517 1138 575 benedicta.

128 596 256 672 Magnus
276 597 325 654 hio
345 598 403 655 erit
421 598 443 656 J
444 617 511 655 esus
531 598 625 656 Filius
646 599 761 656 Summi
784 599 816 655 in
830 598 931 656 throni
944 598 1069 656 Davidis
1082 599 1184 675 gloria,
1199 605 1229 655 et
1241 599 1325 675 regni

207 683 285 735 meta
298 678 391 754 ipsius
404 698 464 735 non
477 679 535 737 erit
548 679 655 755 aliqua.

128 759 202 815 Mox
216 759 253 814 ad
266 758 328 816 haeo
342 759 421 817 diota
434 779 540 835 parans
558 760 676 817 credula
693 759 781 817 corda
798 760 927 836 concipis
945 760 1109 818 Dominum
1120 759 1263 818 Sabaoth:
1282 760 1324 818 sic

206 839 341 896 Verbum
354 860 421 897 earo
434 842 544 898 factum
558 847 603 897 est
616 861 653 898 ex
666 847 706 913 te,
720 841 804 917 virgo
818 861 907 899 saera.

126 921 167 977 Te
180 939 248 996 ergo
262 921 396 996 petimus,
413 922 509 996 ipsum
523 940 575 997 pro
588 922 674 979 nobis
687 923 792 999 rogita,

127 1000 228 1058 Salvet
241 1007 276 1058 ut
289 1020 343 1058 nos
354 1022 405 1078 per
419 1003 518 1060 omnia
531 1003 643 1061 saecula.

647 1210 812 1270 XXXIII.

274 1338 369 1397 Proaa
382 1339 424 1397 acl
434 1338 590 1414 Sequentia
603 1357 645 1397 nn
658 1357 771 1398 saucro
786 1339 960 1417 (Ganuauo,
976 1341 1175 1419 Pamsmun).

301 1469 442 1545 Alleluya
452 1470 494 1528 od
504 1471 656 1548 Angelioa

247 1567 391 1625 ommni
405 1585 513 1627 sonoro
527 1586 622 1627 nanos
636 1586 791 1628 concnam

245 1648 406 1705 Tinnulum
415 1651 544 1726 jungens
558 1670 674 1726 organo.

246 1729 426 1787 Germanum
440 1731 583 1788 resultant
595 1738 690 1789 eastra
704 1732 816 1808 liquida
830 1752 934 1789 sonora
946 1731 1128 1808 symphonia,
1167 1771 1169 1776 ,

245 1809 379 1867 Artificis
391 1812 502 1886 plectro
516 1812 611 1887 perita
624 1813 804 1888 syllabarum
817 1814 961 1889 stringere
975 1819 1141 1888 pneumata.

246 1890 388 1948 Fluxerat
404 1892 552 1967 quondam
566 1913 652 1969 sopor
665 1894 802 1951 immanis
816 1895 949 1970 praesulis
961 1894 1036 1951 fessa
1049 1913 1101 1969 per
1114 1895 1263 1951 membra:

246 1971 302 2028 Oui
314 1973 447 2047 praebens
461 1992 542 2030 saera
556 1974 691 2032 Christus
705 1976 814 2032 viatica
827 1975 932 2032 intulit
944 1981 1029 2052 grata
1041 1975 1159 2032 famina

245 2051 320 2109 Care
340 2053 410 2128 quid
431 2054 642 2112 haesitastnon
660 2057 797 2132 estquod
811 2063 935 2128 metuas,
952 2056 1067 2112 dulcem
1084 2075 1154 2112 mox
1175 2056 1322 2132 petiturus

324 2134 458 2209 patriam.

245 2213 287 2269 Te
300 2221 425 2289 poscunt
438 2215 533 2272 sidera
547 2217 641 2273 civem
655 2217 689 2273 ad
705 2237 819 2293 supera,
835 2237 894 2293 qua
908 2223 1030 2274 manent
1044 2217 1106 2274 sine
1120 2218 1179 2273 fine
1192 2217 1306 2293 gaudia.

246 2293 327 2350 Diva
336 2296 449 2352 monita
463 2315 558 2353 comes
572 2298 691 2373 exeipit,
709 2299 879 2374 aegrimonia
893 2298 1024 2354 membra
1038 2317 1159 2372 carpens
1173 2298 1319 2374 languida.

246 2374 304 2432 Die
317 2376 442 2451 septima
455 2396 560 2453 supera
573 2378 628 2435 oeli
641 2398 765 2455 sequens
778 2398 910 2436 convexa
924 2378 995 2435 selix
1009 2378 1126 2435 scandit
1139 2379 1246 2449 anima.

245 2455 393 2513 Plaudens
407 2457 503 2514 Gallia
516 2458 605 2515 funus
619 2461 738 2535 excipit,
751 2479 784 2517 ac
797 2459 910 2535 inclyta
923 2465 1021 2516 servat
1034 2460 1066 2515 in
1080 2459 1161 2515 aula:

246 2535 338 2613 Cujus
351 2557 403 2613 per
417 2557 505 2609 saera,
522 2539 649 2613 Christe,
664 2541 803 2617 suffragia
815 2547 917 2598 nostra
929 2539 1062 2616 guberna
1074 2545 1215 2616 tempora.

246 2617 344 2675 Amen
358 2619 459 2675 dicant
472 2621 576 2678 omnia.
596 2680 597 2683 ,

647 2816 804 2876 XXXIV.

426 2947 476 3003 Da
496 2963 629 3005 ounmus
651 2948 777 3006 Sasona
792 2947 867 3024 (ud)
880 2947 1020 3005 Pretiosa.

186 3069 332 3144 Alleluya.

128 3165 258 3224 Gnunnr
272 3183 407 3224 cnnunus
422 3166 567 3224 Douruus
580 3186 667 3243 super
680 3167 797 3243 agmina
810 3185 898 3224 sacra.

128 3247 252 3319 Christe,
267 3254 319 3304 tua
332 3248 450 3323 agmina
458 3249 590 3324 jubilant
602 3267 673 3304 voce
687 3248 765 3305 clara

126 3327 250 3400 laudes,
265 3347 317 3404 per
330 3348 409 3400 arva,
423 3335 542 3404 propter
555 3348 627 3404 quas
637 3329 734 3385 caelica
746 3328 866 3385 valeant
879 3327 1010 3385 obtinere
1023 3324 1146 3403 gaudia:

128 3408 237 3466 laudis
251 3409 330 3466 enim
344 3429 410 3466 oum
430 3410 522 3486 gloria
655 3473 658 3480 ¹

126 3489 148 3547 J
148 3510 196 3547 am
213 3509 292 3547 nune
306 3491 445 3547 intonant
458 3490 603 3567 praeconia
616 3494 784 3546 sanctorum
794 3489 919 3565 agmina

124 3571 217 3628 Astra
236 3590 323 3646 super
336 3579 367 3628 et
380 3591 452 3628 arva
465 3572 552 3641 infra,
567 3577 698 3646 sataque,
714 3589 828 3627 necnon
841 3570 902 3627 alta
915 3569 1005 3626 maris
1018 3568 1187 3626 habitacula

125 3651 246 3727 Jugiter
258 3658 364 3709 extant
376 3652 464 3728 digne

126 3730 278 3788 Christum
291 3732 443 3788 dominum
458 3731 610 3789 laudantia
620 3751 673 3808 per
686 3730 792 3788 saecula
805 3731 920 3788 omnia:

126 3812 192 3880 Qua
205 3812 268 3869 sine
282 3813 340 3868 fine
353 3818 439 3887 parat
453 3813 561 3869 sanctis
574 3813 656 3870 sedes
669 3812 769 3882 almas,
784 3817 886 3868 nostra
898 3817 1017 3869 caterva
1029 3811 1077 3868 oui
1091 3809 1187 3867 reddit
1199 3810 1318 3885 gratias.

124 3892 204 3969 Ergo
218 3892 288 3950 fidei
300 3913 372 3950 vera
385 3913 488 3950 norma
502 3893 656 3950 antecedat
670 3912 704 3948 ao
718 3899 935 3967 consequantur
948 3891 1103 3968 Olympico.
1115 3890 1231 3962 studia;

125 3973 184 4030 Per
197 3992 262 4049 quae
282 3973 358 4047 regis
377 3973 522 4048 angelici*
541 3974 736 4050 percipiamus
756 3973 901 4048 sufliagia,
916 3991 970 4030 neo
983 3973 1100 4030 differat
1119 3971 1221 4048 largiri
1236 3972 1321 4029 nobis

207 4054 440 4130 impensissima†
454 4054 610 4111 clementia

126 4135 416 4211 Nobis'angelioam'
427 4136 521 4192 vitam
533 4156 539 4193 :

124 4215 217 4291 cujus
244 4235 325 4273 sacra
351 4217 478 4274 mtilant
504 4217 589 4289 dona,
616 4215 721 4291 queis‡
749 4221 865 4272 aeternae
892 4214 963 4272 vitae
986 4213 1192 4289 consequimur
1214 4231 1320 4291 magna

206 4315 336 4372 praemra.

214 4413 226 4436 ¹
242 4411 438 4470 IIS.-angeli0a.
612 4410 873 4471 †MS.-Impensima.
1058 4409 1232 4471 msa-qun
1274 4392 1277 4397 ¹
