2910 4904
583 288 717 374 Kyriee.

638 473 664 530 Ι.

493 578 662 650 01111111,
686 578 803 636 Κ11111.

314 675 396 734 (l'ork,
406 674 496 733 Sarum,
506 674 554 720 arrd
561 673 685 734 Herfford,
695 673 743 719 aad
750 673 803 719 MS.
814 672 900 734 Bodley
909 674 971 733 775.)

129 759 281 834 Conditor,
297 760 403 837 Kyrie,
418 761 559 830 omnium,
573 780 664 836 ymas,
680 766 892 831 creaturarum,
905 759 1031 835 eleyson.

128 844 175 900 Tu
188 848 290 899 nostra
303 842 403 899 delens
416 842 550 913 crimina,
565 841 651 898 nobis
663 841 844 900 incessanter
857 841 982 917 eleyson.

128 925 160 982 N
161 944 178 981 1
191 924 270 980 sinas
283 923 378 998 perire
392 921 539 996 facturam
552 928 645 994 tuam,
660 922 711 980 sed
725 922 852 980 clemens
866 921 894 979 ei
906 921 1034 998 eleyson.

130 1005 256 1076 Christe,
272 1002 373 1062 Patris
385 1004 481 1076 unice,
496 1010 586 1062 natus
600 1003 638 1062 de
650 1003 776 1080 virgine,
790 1002 875 1060 nobis
889 1003 1015 1079 eleyson.

130 1085 280 1143 Mundum
293 1085 442 1160 perditum
455 1085 509 1161 qui
521 1091 575 1142 tuo
588 1084 731 1160 sanguine
744 1083 866 1141 salvasti
878 1083 914 1141 de
927 1081 1167 1160 morte,.eleyson.
1181 1082 1183 1086 ⁴

130 1166 181 1223 Ad
195 1171 225 1224 te
237 1184 317 1223 nunc
331 1165 512 1223 clamantum
525 1184 624 1242 preces
638 1165 798 1223 exaudiens
800 1165 887 1241 ,pius
901 1163 1027 1240 eleyson

131 1247 261 1324 Spiritus
274 1245 360 1319 alme,
374 1252 428 1304 tua
441 1266 494 1304 nos
507 1245 588 1322 reple
601 1247 707 1323 gratia,
721 1245 846 1321 eleyson

131 1331 163 1386 A
176 1327 267 1385 Patre
281 1334 312 1385 et
324 1333 396 1384 nato
410 1321 463 1405 qui
476 1346 600 1403 manasy
588 1327 669 1404 jugit
671 1347 711 1398 er,
657 1327 811 1384 tnobis
825 1325 951 1403 eleyson.

131 1409 263 1466 Trinitas
276 1428 345 1478 una,
359 1408 440 1465 trina
453 1408 563 1479 unitas,
578 1407 667 1465 simul
680 1371 836 1479 adoranda,

132 1490 211 1548 Nost
199 1495 312 1547 trorum
326 1489 468 1546 scelerum
481 1452 581 1547 vincla
593 1487 706 1546 resolve
720 1488 866 1546 redimens
879 1508 898 1546 a
910 1495 1015 1547 morte.

133 1569 243 1629 Omnes
257 1570 470 1648 proclamemus
483 1589 563 1628 nunc
576 1588 647 1628 voce
661 1568 808 1639 dulciflua,
823 1568 913 1642 Deus,
929 1570 1054 1646 eleyson.

632 1725 676 1786 11.

484 1832 661 1892 Poenorum
681 1849 828 1893 1111111.

520 1927 600 1987 (Yorlc
608 1927 657 1974 aad
666 1927 803 1988 Hereford)

56 2015 221 2073 Puerorum
233 2019 353 2072 caterva
364 2012 522 2089 jubilando
536 2032 607 2070 voce
621 2032 727 2070 1111111
741 2014 846 2071 offerat
859 2014 1006 2090 praeconia
1019 2013 1147 2086 Christo,
1163 2013 1215 2071 eia

57 2095 259 2154 Sanctorum
251 2114 284 2151 1n
301 2094 413 2152 honore
431 2094 651 2166 Innocentium,
667 2112 793 2192 quorum
813 2095 901 2153 hodie
921 2095 1141 2154 concelebratur
1153 2091 1271 2152 devote'

135 2176 246 2233 festum
259 2175 295 2232 de
308 2181 411 2234 morte.

58 2258 194 2315 Puritate
208 2257 300 2313 animi
291 2256 457 2313 festinans
472 2274 521 2313 eos
535 2255 658 2328 imitari,
673 2276 762 2333 quam
776 2263 847 2315 sunt
861 2256 949 2330 beati,
965 2257 1096 2315 corde
1065 2263 1112 2314 mt
1100 2256 1165 2314 tidi.

58 2339 122 2396 Hos
137 2337 273 2394 Herodes
286 2337 363 2394 latro
376 2337 531 2412 pessimus,
543 2336 681 2394 frendens
698 2345 734 2395 ut
751 2337 805 2409 111,
821 2338 974 2396 mandavit
997 2357 1098 2396 omnes
1115 2336 1181 2394 dari
1200 2336 1260 2395 leto

136 2438 192 2496 pro
205 2418 330 2494 virginis
344 2417 423 2474 Filio
436 2424 508 2475 nato
521 2418 554 2474 in
568 2419 687 2476 mundo.

58 2501 137 2578 Ergo
151 2500 189 2556 ad
202 2498 326 2556 vulnera
338 2518 421 2555 sacra
437 2500 601 2556 trahuntur
620 2500 752 2577 pignora,
767 2506 876 2557 matres
889 2499 962 2557 dant
977 2519 1062 2557 voces
1082 2498 1120 2556 ad
1139 2499 1259 2571 aethera,

137 2580 277 2638 ferientes
290 2579 390 2638 tristia
402 2580 509 2660 pugnis
522 2587 648 2657 pectora.

58 2661 217 2720 'limene
192 2680 217 2736 ey
221 2679 255 2719 us
268 2667 336 2718 ortu
350 2667 506 2738 sceptrum,
523 2681 581 2738 quo
603 2681 655 2737 reg
637 2666 742 2720 onaret
755 2656 816 2733 diu,
832 2661 969 2720 amittere
989 2681 1057 2718 eum
1077 2658 1258 2738 principatu,

139 2743 223 2819 cujus
237 2742 351 2799 excelsa
364 2760 455 2799 manu
469 2748 533 2800 erat
547 2743 677 2799 inflatus.

58 2825 158 2895 Nunc,
175 2822 201 2880 O
217 2822 313 2898 Kyrie
330 2824 413 2898 juste
426 2829 457 2880 et
469 2843 524 2882 rex
536 2823 594 2900 pie,
610 2842 710 2880 servos
723 2828 861 2881 canentes
874 2822 994 2898 respice,
1010 2829 1040 2880 11
1062 2823 1167 2880 horum
1187 2842 1261 2899 quos

139 2903 294 2961 laudamus
307 2922 400 2979 prece,
416 2903 501 2961 nobis
514 2905 616 2980 gratiae
631 2910 691 2960 tuae
705 2903 806 2960 lumen
819 2903 951 2962 infunde.
1112 2919 1113 2922 ’

60 2987 126 3056 Quo
141 2984 218 3042 celsa
230 2985 293 3061 poli
305 2982 519 3076 complacentes
532 2985 589 3042 tibi
603 3004 671 3042 cum
683 2984 783 3041 fructu
792 2984 887 3079 operis
900 2984 971 3042 boni
984 3003 1149 3045 mereamur
1162 2982 1263 3044 scand-

140 3085 189 3123 ere
202 3065 279 3140 puri,
293 3065 330 3122 de
343 3065 420 3122 host
399 3071 437 3121 111
450 3065 623 3141 nequissimi
638 3065 721 3123 111101
735 3065 848 3142 erepti;

59 3148 109 3205 lbi
127 3167 196 3204 cum
214 3165 295 3202 11011
312 3165 370 3222 ang
352 3145 483 3203 <selorum
504 3145 592 3203 choro
612 3145 766 3204 laudemus
786 3153 818 3204 te
838 3146 925 3205 corde
945 3146 1038 3205 toto
1029 3167 1063 3206 111
1082 3123 1261 3207 laudationis

137 3227 236 3304 jubilo
251 3232 281 3284 et
294 3227 374 3285 vocis
388 3226 521 3302 tripudio
534 3227 639 3299 fantes,
653 3226 779 3302 eleyson.

630 3384 693 3444 III.

536 3490 606 3549 Lux
626 3507 664 3549 nr
684 3494 808 3551 carco*

476 3584 558 3644 (l'orlc,
567 3585 658 3645 Serum,
668 3586 716 3631 and
723 3586 857 3648 Hereford)

80 3666 84 3674 ⁴
185 3672 254 3729 Lux
268 3678 298 3729 et
312 3673 394 3750 origo
406 3672 490 3745 lucis,
504 3693 618 3732 summe
631 3674 721 3746 Deus,
737 3673 862 3750 eleyson.

186 3754 226 3811 In
240 3755 322 3829 cujus
335 3761 412 3813 nutu
426 3759 563 3813 constant
575 3760 682 3812 cuncta
695 3775 818 3832 semper,
834 3756 959 3832 eleyson.

187 3835 248 3904 Qui
260 3834 338 3892 solus
351 3842 435 3912 potes
447 3836 586 3907 misereri,
601 3837 686 3909 nobis
700 3835 824 3913 eleyson

186 3915 368 3992 Redemptor
382 3916 514 3974 omnium
529 3923 559 3974 et
573 3917 651 3974 salus
665 3937 775 4005 eorum,
791 3917 918 3995 benigne
931 3919 1015 3977 nobis
1028 3919 1153 3996 eleyson.

188 3996 247 4054 Per
260 4016 375 4054 crucem
388 3997 534 4075 redempti
547 4018 565 4055 1
578 4004 673 4056 morte
687 3998 810 4074 perenni
822 4005 853 4057 tc
867 4020 1022 4058 exoramus
1024 4000 1172 4078 ,.eleyson

189 4077 250 4146 Qui
262 4097 292 4135 es
306 4077 442 4136 Verbum
456 4078 565 4149 Patris,
580 4085 660 4138 sator
672 4079 800 4157 pietatis,
816 4081 870 4138 lux
883 4082 959 4140 verit
947 4083 1018 4140 tatis
1020 4083 1119 4159 ,seley
1121 4102 1167 4140 on.

190 4158 336 4215 Paraclite
337 4159 488 4235 ,Spiritus
503 4160 618 4232 Sancte,
633 4161 723 4234 Deus,
738 4162 823 4219 nobis
836 4162 961 4238 eleyson.

190 4239 341 4297 Medicina
354 4247 421 4297 nost
423 4260 456 4297 ra
469 4247 500 4299 et
514 4241 713 4299 misericordia
715 4242 862 4318 e,leyson.

191 4319 321 4379 Trinitas
336 4328 366 4378 et
380 4321 491 4380 Unitas
506 4322 620 4395 Sancta,
638 4322 728 4394 Deus,
744 4320 827 4382 nobis
841 4323 965 4401 eleyson.

544 4433 556 4458 ¹
574 4432 618 4479 See
628 4431 675 4480 Nc.
686 4433 795 4480 XXVII.
