2910 4904
535 367 631 433 Festo
655 365 807 433 Octobris.

133 533 335 608 Evcnpctium.
379 532 479 589 Homo
493 533 614 608 quidam
627 552 754 610 peregre.

134 614 324 687 Offcrtoriom.
368 612 495 670 Veritus.

133 695 255 753 Secreto.

132 775 270 847 Purifica,
286 793 461 850 quaesumus,
477 774 662 850 omnipotens
681 775 771 849 Deus,
794 780 924 832 mentem
946 773 1067 832 familiae
1088 780 1149 832 tuae
1168 775 1271 834 Sancti

67 856 201 932 Spiritus
217 857 264 912 tui
280 855 487 928 illustratione,
504 860 539 911 ut
555 874 608 930 per
627 855 765 931 suffragia
785 855 865 913 beuti
879 855 1016 913 Wilfridi
1034 856 1214 914 confessoris·
1226 858 1274 914 tui

66 944 159 1012 atque
173 936 321 1012 pontificis
339 941 456 1010 accepta
474 936 637 993 reddentur
657 937 814 1011 praesentia
833 956 957 994 munere
973 942 1081 994 nostrae
1096 937 1269 996 devotionis.

67 1017 130 1076 Per
143 1018 314 1075 Dominum.
358 1016 397 1072 In
411 1017 534 1073 unitate.

132 1098 314 1157 Ocrnmunio.
359 1097 471 1154 Beatus
485 1117 594 1154 servus

130 1178 375 1237 Postcommunio.

131 1260 354 1336 Redemptionis
392 1264 508 1316 aeternae
542 1257 650 1333 pabulo
685 1259 787 1315 satiati
820 1259 975 1335 supplices,
1012 1259 1150 1332 Domine,
1187 1265 1271 1317 tuum

66 1340 256 1398 clementium
270 1341 466 1415 deprecamur,
482 1345 518 1395 ut
532 1339 610 1396 beati
624 1339 760 1395 Wilfridi
774 1339 944 1397 confessoris
958 1339 1005 1396 tui
1019 1345 1109 1415 atque
1123 1341 1271 1416 pontificis

67 1421 318 1479 intercedentibus
332 1421 453 1492 meritis,
470 1425 580 1477 aeterna
593 1420 742 1496 capiamus
757 1420 834 1478 dona
847 1421 958 1478 salutis.
1000 1419 1067 1477 Per.

175 1639 214 1695 Iu
236 1610 471 1696 inlustremur
492 1654 597 1696 scucrr
618 1638 776 1708 Enwnnnr,
798 1654 887 1696 urere
908 1655 946 1696 rr
967 1654 1170 1697 courrsscms.

561 1735 614 1813 (iii
630 1735 676 1792 Id.
694 1735 773 1813 Oct.)

129 1833 270 1906 Officium.
314 1834 355 1891 Os
365 1833 448 1908 justi.

129 1913 240 1971 Oratio,

127 1994 322 2070 Omnipotens
344 1994 521 2069 sempiterne
543 1995 633 2066 Deus,
649 1994 702 2070 qui
720 1995 841 2052 beatum
862 2014 960 2071 regem
983 1994 1163 2052 Edwardum
1185 2015 1266 2053 sanc-

64 2082 165 2133 torum
192 2081 312 2132 tuorum
339 2074 460 2150 collegio
488 2073 623 2146 sociasti;
657 2076 781 2133 concede
807 2075 963 2151 propitius,
992 2082 1026 2133 ut
1053 2077 1105 2152 qui
1132 2076 1266 2152 gloriosse

64 2156 268 2213 translationis
282 2157 345 2232 ejus
359 2154 513 2212 recolimus
527 2155 664 2232 insignia,
674 2157 766 2232 ipsius
780 2157 859 2233 apud
872 2162 903 2214 te
917 2157 1079 2214 sentiamus
1092 2157 1263 2235 patrocinis.

65 2237 133 2294 Per.

123 2317 266 2392 Epistol.
310 2317 444 2374 Dilectus
458 2336 476 2373 a
489 2316 562 2373 Deo.

126 2398 242 2455 eradat
256 2443 262 2455 .
306 2398 443 2470 Domine,
459 2396 637 2472 praevenisti.

123 2478 274 2553 Alleluya.
323 2479 351 2536 V.
374 2478 438 2535 Istc
451 2483 577 2535 sanctus.

122 2559 286 2634 Sequentia.
331 2559 491 2634 Organicis,
508 2568 542 2615 ut
554 2559 589 2614 in
603 2556 768 2616 Communi.

122 2640 325 2714 Evcnpctiom.
368 2639 465 2696 Nemo
479 2639 636 2696 lucernam.

123 2721 317 2794 Offertcriorn.
361 2720 556 2777 Desiderium.

122 2801 244 2859 Secreto.

122 2882 266 2939 Sacrificii
299 2881 450 2957 praesentis
484 2881 673 2948 oblationem,
701 2900 876 2956 quaesumus,
905 2880 1042 2951 Domine,
1070 2881 1151 2938 beati
1184 2881 1260 2957 regis

63 2963 203 3020 Edwardi
225 2962 396 3020 confessoris
419 2962 466 3018 tui
485 2961 535 3037 pie
555 2962 739 3018 commendet
758 2962 935 3034 intercessio,
951 2962 1032 3018 utin
1045 2963 1128 3036 cujus
1142 2980 1260 3019 venera-

60 3045 139 3101 tione
153 3043 321 3119 suscipitur,
335 3043 398 3119 ipso
411 3042 636 3113 interveniente,
652 3043 689 3099 ed
702 3043 810 3118 gaudis
823 3049 933 3100 aeterna
953 3042 1061 3119 suscipi
1082 3061 1254 3100 mereamur.

64 3123 126 3183 Per.

121 3205 304 3263 Coormuoic.
348 3202 458 3260 Fidelis
472 3223 582 3260 servus.

119 3283 361 3343 Portcommunio.

119 3367 233 3443 Pignus
261 3371 407 3440 perpetuae
435 3365 538 3421 salutis
565 3370 712 3421 sumentes
740 3364 925 3421 clementiam
953 3370 1045 3434 tuam,
1070 3365 1255 3440 omnipotens

63 3447 150 3519 Deus,
173 3446 328 3503 humiliter
354 3445 552 3521 imploramus,
574 3451 610 3501 ut
637 3446 723 3502 beato
750 3464 817 3520 rege
845 3445 991 3502 Eduardo
1018 3445 1179 3503 confessore
1203 3453 1256 3502 tuo

62 3528 285 3600 interveniente,
301 3527 423 3584 coelestis
437 3527 506 3582 vitoe
520 3527 640 3602 proemia
654 3527 793 3601 consequi
806 3545 977 3584 mereamur.
1015 3526 1073 3583 Per
1084 3527 1254 3584 Dominum.

202 3770 315 3828 Seueri
337 3768 473 3840 Onmxrr,
496 3785 580 3826 PAPAE
600 3786 637 3825 nr
658 3786 817 3826 nnnrrms.
862 3769 955 3846 (Prid.
970 3770 1016 3830 Id.
1034 3771 1112 3849 Oct.)

118 3918 259 3993 Officium.
304 3915 473 3973 Sacerdotes
488 3915 553 3972 Dei.

119 3999 228 4056 Oratio,

115 4080 205 4149 Deus,
221 4079 274 4155 qui
296 4097 349 4134 nos
373 4077 514 4153 conspicis
538 4097 576 4134 ex
599 4083 699 4135 nostra
719 4077 892 4136 infirmitate
912 4079 1042 4149 deficere,
1065 4079 1102 4135 ad
1122 4099 1247 4137 amorem

55 4167 140 4217 tuum
152 4180 207 4217 nos
220 4159 448 4217 misericorditer
460 4178 513 4234 per
526 4165 693 4216 sanctorum
715 4165 834 4218 tuorum
857 4160 989 4236 exempla
1009 4165 1147 4218 restauro.
1191 4161 1250 4219 Per

56 4242 225 4300 Dominum.

111 4322 253 4397 Epistola.
298 4312 416 4378 Memor
430 4325 492 4378 esto
505 4320 527 4377 J
528 4340 610 4378 esum
625 4321 783 4383 Christum.

114 4403 248 4461 Gradcic.
291 4402 423 4459 Juravit.

110 4484 260 4561 Alleluya.
311 4482 340 4542 V.
364 4482 455 4540 Posui
468 4482 655 4559 adjutorium.
