2910 4904
180 301 241 362 138
524 296 572 360 In
587 295 710 360 Natat
723 295 833 361 nnius
847 295 1023 381 Martyris.

537 462 619 520 Voce
633 481 759 538 quorum
773 463 851 520 salus
859 463 957 533 fluxit,

537 543 608 601 Nox
621 544 751 616 recessit,
765 550 796 601 et
809 543 911 600 illuxit

579 624 629 681 Sol
643 624 795 681 illustrans
808 624 915 683 omnia.

536 705 578 762 Et
592 713 690 777 cetera,
705 713 740 762 nt
753 705 787 762 ie
804 703 969 764 Communi.

536 865 559 923 J
559 865 713 936 mundare,
727 865 810 942 plebs
823 865 926 936 fidelis,

538 946 630 1022 Cujus
644 945 735 1003 Pater
748 951 793 1003 est
806 946 839 1002 in
853 947 938 1019 caelis,

536 1027 680 1084 Recolens
693 1026 852 1084 Ezechielis

575 1107 731 1183 Prophetae
744 1108 896 1183 praeconia.

537 1189 592 1245 Est
605 1189 627 1246 J
628 1188 757 1245 ohannes
770 1189 856 1245 testis
870 1188 982 1246 Christi

528 1269 648 1327 ¹Dicens
660 1269 693 1325 in
707 1268 904 1345 Apocalypsi:

536 1350 616 1407 Vere
629 1350 700 1422 vidi,
715 1369 784 1406 vere
797 1349 900 1426 scripsi

576 1430 659 1488 Vera
672 1430 849 1489 testimonia.

536 1512 577 1568 Et
591 1520 689 1583 cetere,
703 1520 738 1569 nt
751 1511 785 1568 in
800 1510 964 1569 Communi.

234 1608 389 1683 Sequentia
403 1610 497 1667 carecti
510 1610 670 1684 Evertqelie'.
713 1609 880 1668 Secundum
892 1609 1005 1666 Ducem
1018 1608 1062 1686 (a.
1081 1607 1156 1687 1-7)

237 1690 276 1746 In
303 1690 354 1746 illo
381 1696 520 1766 ternpore,
542 1690 718 1766 Designavit
744 1690 892 1747 Dominus
915 1690 937 1748 J
939 1710 1003 1747 esus
1030 1696 1061 1747 et
1087 1690 1160 1747 alios
1185 1691 1377 1769 septuaginta

176 1790 266 1844 neqve
279 1771 320 1826 dd
333 1773 481 1846 operarius
494 1773 627 1829 mercede
640 1791 701 1829 sua.

235 1849 391 1925 Sequentia
404 1852 498 1909 sancti
511 1852 671 1926 Eneapela'i.
714 1851 882 1910 Secundum
896 1851 1008 1909 Deam
1021 1851 1077 1929 (in.
1096 1850 1161 1929 1-6)

227 1931 275 1987 'In
301 1932 353 1987 illo
380 1939 520 2008 tempore,
546 1932 723 1990 Convocatis
749 1932 838 1990 Jesus
866 1932 1020 1990 duodecim
1047 1931 1187 2008 apostolis
1214 1952 1308 2008 aeque
1333 1936 1376 1991 nd

175 2012 407 2087 evamgelizantes
421 2020 452 2070 et
465 2020 602 2070 curantes
617 2015 733 2089 ubique.

238 2091 430 2167 Offirtoeianc.

237 2173 376 2244 Posuisti,
391 2174 527 2245 Domine,
542 2175 575 2230 in
588 2176 683 2250 capite
699 2177 762 2251 ejus
783 2194 920 2233 coronam
940 2175 976 2232 de
995 2174 1093 2250 lapide
1113 2175 1260 2251 pretioso:
1280 2175 1376 2233 vitam

175 2255 263 2329 petiit
277 2275 296 2311 a
308 2260 348 2326 te,
362 2261 392 2311 et
406 2256 540 2312 tribuisti
553 2256 587 2312 ei

237 2334 279 2392 In
293 2344 414 2411 tempore
427 2336 574 2410 Poscenti,
588 2335 737 2413 Alleluya,

238 2415 429 2490 Offlrtcemen.

235 2496 257 2554 J
259 2503 341 2554 ustus
350 2503 385 2554 ut
392 2497 490 2573 palma
499 2498 629 2556 florebit:
643 2498 719 2556 sicut
727 2498 830 2556 cedms
838 2498 931 2574 quiin
940 2498 1054 2555 Libano
1062 2502 1107 2555 est
1114 2496 1372 2574 multiplicabitur.

235 2577 277 2635 In
291 2588 414 2654 tempore
427 2579 574 2653 Pascbali,
590 2580 740 2655 Alleluya.

235 2658 370 2717 Secreta*
379 2661 512 2735 proprie.

236 2740 386 2815 Proejntio.
431 2741 471 2797 Et
484 2747 523 2811 te,
539 2741 675 2798 Domine.

237 2820 417 2879 C'emnnemb.
1098 2884 1100 2888 Α

134 2918 137 2928 ·
236 2901 347 2977 Magna
368 2907 412 2958 est
430 2902 523 2977 gloria
540 2903 603 2977 ejus
623 2902 656 2957 in
676 2902 798 2958 salutari
819 2909 879 2972 tuo,
894 2901 1018 2978 gloriam
1031 2907 1063 2958 et
1075 2920 1217 2978 magnum
1236 2902 1372 2963 decorem

176 2982 307 3058 impones
321 3002 497 3057 supereum,
513 2983 649 3039 Domine.

235 3062 277 3119 In
290 3071 412 3137 tenrpore
426 3063 574 3136 Paeelrcli,
589 3063 738 3137 Alleluya,
753 3063 889 3139 alleluya.

238 3142 418 3200 Communia

237 3223 376 3295 Posuisti,
392 3224 529 3296 Domine,
544 3225 576 3280 in
590 3225 684 3300 capite
699 3226 761 3300 ejus
775 3243 913 3281 coronam
926 3224 962 3282 de
975 3222 1073 3301 lapide
1085 3224 1221 3300 pretioso.

234 3304 257 3360 I
256 3326 276 3361 n
290 3314 410 3380 tenpore
425 3304 568 3375 Panniculi,
585 3305 733 3381 Alleluya,
749 3306 883 3380 alleluya.

237 3386 492 3443 P‹›sn0m-nmni‹›†
501 3386 633 3462 proprie.

516 3567 554 3624 In
575 3566 699 3624 Narem
720 3583 813 3625 unius
835 3567 1006 3626 Mansuram.

238 3646 376 3722 (finirem.
727 3710 730 3714 ,

236 3728 401 3784 Laetabitur
423 3729 523 3803 justus
550 3728 583 3784 in
610 3729 748 3799 Domine,
777 3734 808 3785 et
834 3729 963 3804 sperabit
983 3730 1016 3786 in
1035 3749 1087 3787 eo:
1117 3735 1148 3787 et
1167 3730 1370 3789 laudabuntur

176 3828 276 3866 omnes
290 3809 362 3866 recti
376 3809 468 3865 corde.

236 3888 276 3946 Ia
291 3898 412 3964 tenipore
426 3889 572 3961 Paschae,
588 3889 737 3965 Alleluya,
752 3890 886 3965 alleluya.

236 3970 380 4027 Pealnins.

237 4051 358 4122 Exaudi,
384 4051 473 4120 Deua,
498 4051 661 4107 orationem
686 4070 789 4122 meam,
806 4071 873 4107 eum
896 4052 1051 4128 deprecor:
1084 4073 1103 4109 a
1126 4052 1233 4111 timore
1255 4053 1368 4113 inimici

175 4131 254 4207 cripe
268 4133 396 4189 animum
411 4151 512 4188 meam.

235 4259 245 4281 ¹
264 4258 315 4303 its.
327 4257 481 4303 (l.-llllnr·in
490 4261 539 4311 tua,
550 4257 658 4305 Domine.
669 4257 802 4302 veneranda
819 4272 874 4303 eum
887 4259 973 4305 hostiis
986 4259 1065 4304 laudis
1079 4258 1228 4317 accedimus3
1244 4261 1292 4319 iac,
1303 4274 1366 4320 qua-

176 4332 265 4369 erimus,
278 4321 304 4361 nt
314 4317 489 4373 indulgentium
499 4317 569 4360 nobis
578 4317 702 4361 obtineant
711 4321 736 4361 et
745 4317 859 4363 savorem.
891 4320 937 4364 Per
946 4319 1082 4365 Dominum.

233 4377 245 4431 †
263 4376 314 4421 lls'.
326 4376 556 4433 lb-Snernmenlis,
571 4376 680 4433 Domine,
694 4382 718 4420 et
734 4377 830 4433 gaudiis
846 4382 929 4436 optata
945 4378 1083 4423 celebritate
1097 4376 1207 4437 expletis,
1222 4392 1367 4439 quaeaumm,

176 4438 200 4477 ul
212 4436 264 4492 ejus
274 4436 386 4492 precibus
395 4436 543 4494 odJ'uvcmur,
553 4436 622 4495 cujus
631 4436 836 4482 recordationibus
845 4438 995 4483 exhibentur.
1026 4438 1073 4483 Per
1083 4437 1221 4483 Dominum.
