2910 4904
672 224 795 289 Proaae.

675 426 785 484 XXX.

440 549 503 628 (Dr,
521 549 741 608 Assuurrrons
761 565 867 607 arara
888 548 1028 628 Mania)

134 670 247 730 Aorno
268 687 328 728 oar
348 685 451 728 rarum
470 686 581 728 aarum
601 668 676 727 Eva
689 669 796 726 florens
809 689 875 726 rosa
887 669 1028 746 processit
1041 670 1119 728 sicut
1131 668 1185 730 sol.

136 751 249 824 Oritur,
263 759 299 808 ut
311 751 415 809 lucifer
427 752 507 808 inter
519 756 598 808 astra
611 750 761 808 decoravit
773 750 909 826 polorum
923 751 1027 808 sidera.

135 832 313 890 Flavescunt
325 831 421 908 campi
434 832 532 904 eremi,
547 831 687 888 colocasia
699 831 922 908 germinantque
935 831 1007 891 lilia.

135 913 231 971 Odore
244 932 321 970 novo
334 912 474 970 acanthi’
487 912 601 969 roscida
613 918 749 969 nectarea
763 920 922 989 rorantque
934 932 1014 971 arva

133 992 232 1051 Patris
252 1012 371 1051 summa
380 992 476 1050 Filius
495 1012 561 1050 arce
575 1011 706 1049 convexo
717 1012 779 1051 aevo
793 1012 864 1050 cava
876 993 953 1071 (ak)
966 992 1064 1051 sobole
1077 992 1194 1052 virtute
1207 1000 1325 1072 paterna

215 1075 252 1131 ab
266 1074 385 1132 exordio
398 1079 497 1149 patrat
510 1074 615 1130 omnia

135 1155 270 1213 Nuntius
283 1155 375 1212 celsus
389 1154 516 1225 Gabriel,
532 1173 663 1211 summus
676 1153 805 1230 angelus,
819 1155 924 1212 aeterni
936 1154 1011 1232 regis
1025 1174 1158 1232 egressus
1168 1163 1216 1216 est
1227 1163 1325 1233 casua

215 1235 283 1293 aula
300 1235 424 1312 virginis
437 1235 522 1292 stetit
534 1235 658 1292 radians.

135 1316 277 1374 Praecelsa
290 1316 374 1392 virgo
387 1314 486 1373 Maria
497 1316 627 1392 pavescit
639 1315 752 1373 lumine
765 1335 772 1374 ε
794 1314 914 1373 Gabriel
926 1316 1047 1374 affectus
1059 1316 1162 1394 inquit
1174 1340 1182 1377 :

135 1397 295 1474 concipies,
312 1396 389 1454 alma
401 1398 511 1472 regina,
527 1396 605 1453 orbis
618 1415 713 1472 regem
727 1397 761 1453 in
774 1396 879 1454 saecula
893 1408 1042 1474 regentem
1055 1405 1172 1457 cuncta,

134 1479 309 1554 Intactaqne
324 1477 428 1534 llariae
448 1476 572 1553 virginis
590 1483 766 1534 tumuerunt
786 1477 918 1535 viscera:
946 1479 1086 1536 comitata
1108 1479 1183 1537 fides
1196 1480 1325 1554 credidit,

214 1559 303 1635 ‹ligna
316 1577 442 1634 namque
455 1557 510 1614 tali
523 1558 630 1615 foedere
648 1558 716 1616 sola.

135 1640 218 1698 Laeta
241 1645 343 1709 mater,
362 1639 497 1716 gloriosa,
518 1645 605 1711 casta,
624 1645 694 1696 ante
717 1644 836 1714 partum
856 1638 972 1715 integra
992 1644 1023 1697 et
1035 1647 1103 1717 post
1122 1648 1256 1718 partum,
1269 1662 1325 1701 non

214 1726 260 1778 est
273 1719 385 1789 similis,
398 1719 560 1795 permansit
572 1720 707 1796 genetrix
721 1719 870 1777 inviolata.

134 1801 233 1859 Enixa
245 1820 342 1876 regem
356 1819 499 1876 puerpera
511 1819 601 1873 sacra,
616 1800 764 1857 hominem
777 1820 837 1857 una
850 1801 1004 1877 deumque,
1018 1801 1122 1879 genuit
1135 1802 1261 1877 innuba,
1271 1823 1326 1863 aar·

214 1882 297 1939 vavit
309 1881 409 1937 florem
423 1881 535 1956 pudica.

134 1963 225 2020 Porta
250 1981 315 2038 quae
338 1960 437 2019 clausa
457 1961 516 2017 fuit
539 1980 592 2037 per
612 1961 708 2018 Evam
735 1961 869 2019 Paradisi
889 1967 1019 2020 reserata
1041 1964 1187 2041 precelsa
1214 1964 1327 2025 meritis

213 2042 325 2099 Mariae.
362 2041 388 2099 Ο
402 2061 490 2118 quam
503 2041 616 2117 inclyta

133 2123 220 2180 Inter
229 2141 329 2179 omnes
342 2121 479 2180 mulieres
491 2122 590 2179 fructu
601 2122 687 2180 flores
696 2123 809 2180 ventris
818 2122 873 2195 tui,
885 2123 1019 2200 exemplo
1027 2124 1090 2182 sine
1103 2123 1244 2201 placuisti
1258 2126 1325 2185 sola.

134 2204 198 2261 Nec
220 2203 343 2280 primam
369 2201 495 2260 similem
517 2203 582 2260 visa
605 2223 636 2260 es
658 2223 712 2260 nec
731 2204 861 2264 haberet
880 2224 945 2280 quae
965 2212 1146 2281 sequentem}
1166 2206 1244 2265 felix
1263 2226 1327 2285 qua

212 2285 338 2341 nimium
351 2303 389 2355 es,
405 2283 510 2341 Maria.

132 2365 226 2423 Velut
239 2365 283 2422 sol
296 2365 407 2421 micans
420 2371 525 2422 cuneta
538 2365 731 2422 conscendisti
741 2365 894 2443 globorum
907 2365 1072 2439 luminaria,
1087 2367 1212 2425 lucerna
1229 2366 1328 2427 nitens

212 2446 291 2503 inter
304 2446 406 2502 choros
419 2445 596 2521 angelorum.

133 2526 233 2584 Hodie
245 2526 309 2584 caeli
320 2526 431 2601 templa
443 2527 557 2599 scande,
567 2527 653 2584 beata
666 2526 725 2584 Dei
736 2527 872 2605 genetrix
881 2526 967 2600 alma,
981 2546 1049 2585 cum
1058 2527 1196 2586 caelicolis
1205 2548 1328 2589 exorare

210 2626 308 2682 regem
328 2626 437 2682 regum.

132 2686 285 2745 Ruricolas
298 2693 417 2745 cunctos
433 2694 487 2744 tua
500 2707 597 2744 annua
616 2687 777 2746 recolentes
789 2688 864 2746 festa
876 2688 913 2746 ad
923 2688 1065 2746 calestem
1080 2689 1139 2746 duc
1151 2692 1290 2766 patriam.

131 2768 327 2844 Precibusque
340 2768 401 2825 tuis
414 2768 484 2825 fulti
497 2768 642 2844 obtentisss
654 2769 813 2845 gloriemur
825 2770 913 2827 simul
925 2789 979 2846 per
990 2777 1101 2827 aeterna
1113 2771 1231 2829 saecula

130 2849 280 2926 Florigera
292 2858 387 2907 castra
399 2868 459 2906 una
471 2849 605 2906 fruamur
617 2849 700 2906 alma.

669 3046 795 3106 XXXI.

357 3168 408 3226 Dr
427 3183 541 3226 sauma
561 3168 684 3226 chma
698 3169 739 3225 ad
752 3168 825 3226 Post
838 3175 957 3246 partum
971 3170 1083 3228 Maria.

389 3290 462 3348 Hac
482 3305 581 3348 cuasa
600 3307 662 3362 mu,
677 3299 815 3366 utsupra
830 3289 899 3369 (vol.
914 3290 945 3348 ii
960 3311 988 3368 p.
1004 3291 1067 3366 86).

651 3485 797 3544 XXXII.

256 3607 350 3666 Proca
363 3607 405 3666 ad
415 3606 572 3683 Sequentia
591 3625 633 3666 nu
653 3624 767 3666 sancus
787 3608 899 3666 Mina
919 3609 960 3665 ad
979 3606 1073 3665 Maris
1089 3564 1185 3669 stelle.

127 3730 226 3788 Saeve
246 3747 344 3788 roera
356 3738 504 3808 perpetuae
518 3733 592 3790 lucis
605 3731 725 3808 fulgida,

125 3812 220 3869 Maris
233 3813 326 3883 stella,
340 3813 453 3889 inclyta
466 3813 603 3885 Domina,
618 3817 701 3888 virgo
715 3818 866 3888 materque
881 3811 938 3870 Dei
949 3810 1055 3882 Maria,

124 3891 282 3950 Praeeleota
295 3894 387 3969 ipsius
400 3895 495 3969 gratia
507 3900 576 3951 ante
590 3894 739 3950 saecularia
751 3900 903 3969 tempora:

125 3973 180 4030 Oui
193 3975 299 4031 missus
312 3974 432 4067 Galariel
451 3974 642 4051 archangelus
662 3975 738 4031 mira
757 3973 865 4031 detulit
878 3993 897 4030 a
917 3973 980 4030 Deo
991 3972 1104 4031 famina
1116 3974 1232 4033 mundo
1245 3994 1321 4035 nun·

122 4055 430 4272 Avetgmliliniiiiiqiiie
450 4136 542 4193 totius
562 4134 649 4212 plena
669 4135 799 4192 muneris
812 4134 933 4212 effulges
951 4133 1057 4211 gratia,
1071 4140 1118 4193 est
1136 4154 1211 4195 nam
1223 4142 1323 4197 iacun

233 4235 366 4288 ominus3

156 4358 277 4406 'ns-e
287 4364 364 4406 cantu.
511 4361 725 4422 †MS.-vaanee
735 4361 907 4420 habebisque.
1057 4358 1294 4421 nik-obtutu

1125 4466 1386 4812 A
