2910 4904
130 282 171 345 96
564 275 891 363 Featc‘Septcmbrta

189 444 331 521 Epioe.
374 445 396 502 J
398 450 483 502 ustus
496 463 547 501 cor
560 463 656 503 suum.

191 526 327 584 Grodale.
371 526 412 584 Os
422 525 508 602 justi

188 606 339 682 Alleluya.
388 606 417 664 V.
441 606 504 663 Iste
518 611 643 663 sanctus.
887 671 889 675 ¹

190 685 367 767 [Sequentia.
410 686 573 763 organicis,
588 694 623 744 rit
635 687 670 744 io
685 685 996 767 diarmait-MSS]

189 768 390 844 decapolim.
434 768 532 826 Nemo
546 767 704 826 lucernam.

190 849 381 924 Offlrtorium.
425 848 553 906 Veritas.

188 929 309 988 Secreta.

188 1011 373 1081 Interccesio,
389 1030 566 1087 quaesumus,
582 1009 721 1081 Domine,
735 1010 818 1069 beati
830 1009 932 1088 Egidii
949 1009 1066 1068 abbatis
1083 1028 1210 1068 munera
1228 1016 1334 1068 nostra

128 1092 321 1164 commendet,
336 1111 448 1168 nosque
462 1093 526 1168 ejus
540 1093 693 1150 veneratio
713 1099 816 1151 sancta
831 1099 892 1150 tuae
905 1091 1055 1168 majestati
1067 1091 1173 1149 reddat
1186 1099 1332 1169 acceptos

128 1173 187 1230 Per
201 1173 371 1230 Dominum.

190 1251 275 1333 [Alia
286 1253 408 1311 Secreto.

187 1334 290 1410 Hujus
303 1335 361 1391 tibi
373 1334 516 1410 precibus,
532 1331 669 1405 Domine,
685 1353 861 1411 quaesumuS,
875 1333 933 1391 tibi
946 1338 1032 1411 grata
1045 1334 1187 1391 reddatur
1208 1334 1333 1404 oblatio,

127 1435 181 1492 pro
195 1417 281 1492 cujus
294 1421 340 1472 est
353 1415 516 1472 festivitate
530 1415 690 1472 immolata
734 1415 793 1473 Per
806 1414 1087 1473 Dominum-MS.
1103 1412 1151 1495 R]

188 1494 368 1555 Communia.
412 1496 523 1554 Beatus
537 1515 647 1553 servus.

187 1577 450 1635 Poaicommuaio*

188 1659 372 1728 Quaesumus,
388 1658 573 1733 omnipotens
587 1657 678 1727 Dens,
693 1663 728 1714 ut
749 1657 801 1733 qui
821 1655 948 1714 caelestia
968 1656 1110 1714 alimenta
1134 1657 1331 1734 percepimus,

125 1739 326 1797 intercedente
347 1739 433 1796 beato
451 1739 557 1815 Egidio
581 1739 695 1810 abbate,
718 1745 821 1795 contra
841 1738 941 1796 omnia
959 1738 1130 1795 muniamur
1150 1737 1285 1808 adversa,
1300 1743 1332 1796 et

127 1821 165 1877 ad
187 1826 297 1876 aeterna
320 1820 427 1896 gaudia
449 1819 652 1894 consequenda
673 1839 738 1896 spes
759 1819 845 1877 nobis
868 1824 1007 1896 suppetat
1028 1825 1059 1876 et
1082 1818 1215 1876 facultas.
1270 1819 1333 1877 Per

128 1901 299 1958 Dominum.
1222 1915 1226 1922 '

188 1979 271 2059 [Alta
284 1981 526 2038 Poatcommurcio.

187 2063 309 2132 Praesta,
321 2081 494 2137 quaesumus,
506 2061 645 2131 Domine,
656 2067 691 2118 ut
705 2062 881 2119 sacramenti
895 2061 942 2118 tui
955 2060 1182 2138 participatione
1196 2061 1331 2136 vegetati

126 2143 221 2200 sancti
235 2162 351 2220 quoque
365 2143 505 2218 martyris
519 2142 615 2199 Prisci
628 2143 764 2218 precibus
778 2142 960 2218 adjuvemur.
1004 2141 1179 2200 Per-MS.
1196 2137 1247 2222 E]

247 2408 286 2464 Iri
306 2407 542 2465 Transmrrorn
562 2424 667 2466 sanein
689 2407 874 2466 Ournnnnrr.
919 2407 1013 2488 (Prid.
1029 2408 1108 2466 Non.
1125 2409 1221 2487 Sept.)

189 2563 328 2638 Officium.
373 2563 486 2621 Statuit
502 2564 536 2620 ei.

188 2645 297 2702 Oratio

186 2724 381 2801 Omnipotens
405 2725 582 2800 sempiterne
607 2725 697 2796 Deus,
723 2725 776 2801 qui
798 2743 912 2801 semper
933 2744 964 2781 es
988 2731 1018 2782 et
1041 2724 1152 2802 ubique
1173 2726 1328 2801 mirabilis,

127 2826 294 2883 quaesumus
327 2806 513 2863 clementiam
540 2813 633 2877 tuam,
657 2812 692 2862 ut
719 2807 795 2863 sicut
818 2807 905 2863 beato
929 2806 1094 2864 Guthberto
1117 2807 1254 2883 pontifici
1275 2814 1329 2866 tuo

126 2888 306 2944 eminentem
320 2886 444 2962 gloriam
458 2887 619 2956 contulisti,
635 2887 676 2943 sic
690 2887 727 2943 ad
748 2886 983 2962 consequendam
997 2887 1230 2946 misericordiam
1243 2895 1327 2947 tram

126 2969 189 3044 ejus
202 2987 256 3024 nos
268 2966 357 3024 facias
370 2968 505 3042 precibus
519 2968 661 3043 adjuvari.
704 2967 762 3024 Per
776 2968 947 3025 Dominum.

186 3059 331 3117 Memorio
345 3061 379 3117 de
393 3069 490 3117 acacio
505 3059 619 3131 Biriao,
636 3058 770 3135 episcopo.
816 3060 925 3118 Oratio.
969 3060 1026 3133 Da,
1042 3080 1219 3137 quaesumus

186 3153 327 3228 Epistola.
371 3153 446 3210 Ecce
459 3153 598 3210 sacerdos.

188 3245 321 3304 Gradale.
365 3247 387 3304 J
388 3247 495 3303 uravit.

186 3327 335 3402 Alleluya.
384 3328 412 3384 V.
435 3327 543 3384 Justus
556 3327 743 3405 germinabit.

185 3420 348 3495 Sequentia.

463 3500 554 3558 Pater
567 3500 702 3557 Verbum
717 3500 870 3570 eructavit,

463 3580 560 3637 Verbi
573 3601 639 3639 rore
653 3581 833 3658 germinavit

503 3662 525 3719 J
527 3668 611 3719 uetus
625 3661 673 3718 hic
686 3670 722 3718 ut
735 3662 841 3733 lilium,

464 3743 604 3818 Regnum
617 3748 721 3798 tenens
735 3748 765 3799 et
778 3762 946 3819 supernum,

464 3823 530 3881 Ubi
543 3824 628 3880 floret
642 3825 675 3879 in
689 3829 833 3880 aeternum

506 3905 589 3960 Ante
603 3903 661 3960 Dei
675 3904 794 3962 Filium

466 3984 529 4040 Iste
543 3985 603 4040 suis
618 3985 650 4040 in
664 3985 767 4042 diebus

466 4064 600 4122 Mundus
614 4065 719 4121 mundi
732 4085 832 4123 carens
847 4067 934 4124 rebus

508 4145 618 4203 Carens
632 4145 697 4203 labe
707 4147 847 4220 criminis,

186 4301 199 4326 '
215 4300 267 4346 MS.
286 4297 436 4345 F.-Divina
453 4296 558 4342 libantes
577 4297 699 4355 mysteria,
719 4313 772 4356 quac
793 4313 838 4358 pro
858 4299 1002 4345 sanctissimi
1022 4298 1167 4346 confessoris
1186 4300 1224 4346 tui
1241 4298 1318 4358 Egidii

127 4361 278 4405 veneratione
292 4364 340 4404 tuae
359 4357 490 4404 obtulimus
508 4357 636 4414 majestati,
650 4360 744 4414 praesta,
759 4372 905 4416 quesumus,
921 4359 1030 4416 Domine,
1046 4362 1074 4404 ut
1093 4373 1137 4420 per
1156 4373 1209 4406 eam
1227 4358 1318 4406 venian

127 4433 259 4466 mereamur
268 4421 427 4478 peccatorum,
436 4420 460 4464 et
470 4415 571 4463 celestis
580 4415 664 4474 gratia
673 4416 742 4464 donis
750 4417 890 4464 reficiamur.
921 4418 974 4464 Per.
