2910 4904
125 267 187 331 336
331 262 453 329 Missol
469 262 580 348 Offiocs
592 262 689 347 from
703 262 753 327 tte
766 262 905 348 Baoyor
918 262 1115 347 Pontifiool.

686 451 762 508 VII.

215 568 304 631 Ouno
325 570 583 626 Bnunmomorun
604 568 832 627 Errscomnrun
854 586 887 627 m·
908 569 1016 629 Fnsrss
1036 570 1234 633 Sanctorum

368 686 396 742 8.
413 685 564 761 Stephani.

368 767 396 824 S.
413 766 435 823 J
436 765 570 837 ohannis,
589 766 785 843 evangelistae.

370 847 421 905 88.
438 846 657 904 Innocentium.

371 927 400 986 8.
417 927 545 1000 Thomas,
561 927 708 1003 martyris

371 1008 400 1066 8.
417 1006 561 1079 Silvestri,
577 1028 667 1085 papae.

370 1088 399 1147 8.
415 1089 553 1161 Andreae,
568 1090 602 1145 in
614 1088 718 1165 vigilia
731 1095 762 1147 et
774 1088 806 1145 in
820 1089 875 1148 die.

371 1169 400 1227 S.
416 1170 543 1229 Nicolai

369 1250 409 1308 In
423 1250 620 1327 Conceptione
634 1251 728 1308 beatae
739 1250 844 1308 Mariae
858 1250 1002 1331 Virginis.

370 1331 399 1389 8.
415 1331 523 1389 Luciae.

369 1412 398 1470 8.
414 1412 542 1484 Thomae,
558 1412 691 1488 apostoli.

369 1492 420 1550 88.
437 1493 570 1569 Philippi
584 1499 614 1551 et
627 1493 741 1550 Jacobi.

368 1573 407 1631 In
421 1573 600 1631 Inventione
613 1581 721 1630 sanctae
736 1574 847 1631 Crucis.

369 1654 397 1712 8.
412 1656 434 1713 J
436 1655 560 1712 ohannis
574 1660 644 1712 ante
659 1654 783 1712 Portam
797 1655 944 1713 Latinam.
982 1682 985 1689 ·

368 1736 397 1795 8.
413 1735 569 1794 Michaelis
582 1736 616 1792 in
630 1735 738 1793 Monte
750 1736 873 1794 Tumba.

369 1817 397 1874 8.
414 1817 574 1875 Dunstani.

367 1897 407 1955 In
421 1897 625 1955 Translatione
639 1897 667 1955 S.
685 1897 843 1956 Francisci.

367 1978 397 2038 8.
412 1979 584 2054 Augustini,
598 1977 768 2055 Anglorum
780 1978 995 2056 archiepiscopi

367 2058 396 2116 8.
412 2058 565 2130 Barnabae,
580 2059 715 2135 apostoli.

366 2139 395 2197 8.
411 2140 550 2211 Antonii,
565 2140 744 2197 confessoris.

366 2221 394 2279 8.
410 2220 432 2277 J
433 2220 556 2277 ohannis
570 2221 722 2297 Baptistae,
733 2222 766 2278 in
779 2221 880 2298 vigilia
893 2227 924 2279 at
936 2221 970 2279 in
982 2222 1039 2279 die.

365 2301 416 2361 88.
433 2300 516 2359 Petri
529 2307 560 2358 et
572 2300 668 2372 Pauli,
683 2301 716 2358 in
729 2301 831 2377 vigilia
844 2302 921 2359 etin
933 2302 989 2361 die.

365 2382 404 2439 In
419 2381 705 2440 Commemoratione
719 2382 747 2440 8.
764 2381 860 2441 Pauli.

364 2463 404 2520 In
417 2462 621 2520 Translatione
635 2463 663 2521 8.
679 2463 807 2533 Thomas,
821 2464 968 2541 martyris.

364 2544 393 2602 8.
411 2543 596 2620 Margaretae.

364 2625 393 2682 8.
412 2624 516 2681 Mariae
531 2624 722 2699 Magdalenae.

364 2705 393 2764 8.
409 2705 431 2762 J
432 2706 524 2775 acobi,
539 2705 673 2782 apostoli.

301 2853 306 2862 Ι
363 2786 415 2843 Ad
429 2786 549 2844 vincula
564 2786 591 2843 8.
609 2785 701 2843 Petri.

363 2866 403 2924 In
416 2866 594 2925 Inventione
610 2867 637 2924 8.
656 2865 799 2941 Stephani

363 2948 392 3006 8.
409 2948 569 3020 Dominici‚
584 2947 766 3005 confessoris.

363 3030 391 3086 8.
408 3029 571 3100 Laurentii,
585 3029 618 3085 in
631 3028 734 3104 vigilia
747 3033 778 3084 et
791 3027 824 3083 in
837 3027 892 3084 die.

365 3111 393 3167 8.
411 3109 513 3167 Clarae.

363 3191 402 3247 In
416 3190 530 3266 Vigilia
543 3195 574 3246 et
587 3190 620 3246 in
635 3189 683 3246 die
697 3188 929 3265 Assumptionis.

363 3272 391 3328 8.
408 3271 564 3328 Bernardi.

363 3352 391 3409 8.
408 3351 626 3408 Bartholomaei.

361 3434 390 3490 S.
407 3433 580 3509 Augustini,
596 3431 723 3489 doctoris
737 3431 847 3488 eximii

361 3515 401 3571 In
415 3514 617 3571 Decollatione
629 3513 656 3570 8.
673 3512 695 3569 J
697 3512 823 3569 ohannis
836 3512 979 3588 Baptiste.
1035 3566 1038 3571 .

363 3595 402 3651 In
415 3595 448 3651 N
448 3595 584 3651 ativitate
599 3594 627 3654 8.
640 3594 751 3650 Mariae.

362 3675 401 3732 In
415 3676 605 3732 Exaltatione
621 3674 648 3731 S.
661 3674 771 3731 Crucis.

362 3757 391 3813 S.
408 3756 554 3827 Matthaei,
571 3755 764 3831 evangelistae.

362 3837 390 3895 8.
407 3836 570 3909 Michaelis,
586 3835 763 3912 archangeli.
809 3830 814 3839 '

362 3918 391 3975 8.
408 3917 594 3992 Hieronymi,
610 3916 788 3974 confessoris.

361 3999 390 4057 8.
407 3998 566 4069 Francisci,
582 3998 757 4054 confessoris

362 4079 391 4138 8.
407 4079 545 4154 Dionysii
558 4079 759 4155 sociorumque
773 4078 843 4153 ejus.

361 4161 390 4218 8.
407 4159 556 4230 Edwardi,
571 4159 656 4235 regis.

362 4241 390 4301 8.
407 4241 504 4311 Lucae,
519 4241 713 4317 evangelista.

361 4322 412 4380 88.
430 4322 557 4380 Simonis
571 4327 601 4379 et
619 4321 641 4378 J
642 4321 716 4380 udae.

362 4403 504 4462 Omnium
517 4403 701 4475 Sanctorum,
715 4401 748 4460 in
761 4399 864 4479 vigilia
877 4404 908 4457 et
919 4397 953 4457 in
966 4397 1023 4457 die.
