2910 4904
463 305 571 372 Missa
589 327 655 391 pro
677 305 862 392 Defunctis.
1207 312 1289 373 183·

61 471 198 529 fidelibus
212 471 289 529 vivis
303 492 336 530 ac
350 471 498 530 defunctis
512 473 545 530 in
559 479 640 532 terra
653 473 821 532 viventium
835 473 970 531 vitamet
984 475 1115 550 requiem
1126 479 1268 532 aetemam

61 553 194 610 concede.
239 552 298 610 Per
311 554 445 612 eundern.
487 600 488 603 ,

111 633 244 692 Secreta.

122 714 214 785 Deus,
225 713 278 790 qui
288 734 340 792 per
350 715 529 792 singularem
538 715 621 774 unici
631 715 703 772 Filii
712 715 759 772 tui
773 715 901 792 corporis
912 715 1040 774 hostiam
1053 716 1148 774 totius
1163 717 1268 775 mundi

60 795 177 853 solvisti
197 795 306 853 delicta
315 816 324 868 ;
346 796 401 853 hac
421 796 570 854 oblatione
589 797 682 854 beatae
697 797 828 873 ejusdem
846 797 906 855 Dei
925 798 1082 874 genetricis
1096 817 1270 874 semperque

61 876 186 953 virginis
210 876 315 934 Mariae
339 876 531 952 omniumque
552 884 722 935 sanctorum
743 878 952 935 intercessione
975 879 1117 954 placatus,
1138 880 1268 936 maculas

59 958 204 1014 scelerum
224 964 395 1015 nostrorum
415 959 558 1034 absterge,
582 965 613 1015 et
638 958 771 1015 omnium
796 959 1035 1016 Christianorum
1057 959 1189 1017 fidelium
1213 979 1265 1017 seu

59 1037 255 1095 familiarium
264 1045 433 1096 nostrorum
444 1039 580 1096 vivorum
593 1045 682 1114 atque
696 1045 881 1106 mo1tuorum
894 1046 1012 1116 peccata
1026 1041 1154 1111 dimitte,
1166 1041 1266 1117 eisque

60 1119 183 1194 praemia
198 1124 310 1177 aeterna
324 1120 457 1195 concede.
501 1119 559 1177 Per
573 1120 707 1178 eundem.

121 1212 364 1270 Posteommanio.

121 1292 249 1370 Sumpta
275 1298 466 1366 sacramenta,
496 1312 672 1368 quaesumus,
697 1293 834 1363 Domine,
859 1293 987 1351 caelestia
1014 1294 1113 1352 omnia
1141 1294 1266 1366 crimina

57 1378 160 1431 uestra
171 1374 327 1450 detergant
333 1394 342 1446 ;
355 1393 532 1449 omnemque
545 1375 726 1451 pravitatem
737 1380 768 1432 et
781 1374 988 1432 infirmitatem
1001 1394 1053 1432 seu
1068 1376 1161 1432 etiam
1175 1375 1266 1433 hosti-

60 1455 118 1512 lem
141 1454 398 1532 impugnationem
421 1455 570 1513 visibilem
594 1461 625 1513 et
648 1455 838 1526 invisibilem,
860 1460 951 1531 atque
974 1457 1103 1514 subitam
1128 1462 1263 1525 mortem,

60 1535 175 1593 meritis
188 1537 282 1593 beatae
297 1535 355 1593 Dei
368 1535 526 1613 genetricis
540 1555 711 1613 semperque
726 1536 850 1611 virginis
864 1536 970 1593 Mariae
984 1543 1015 1594 et
1028 1537 1162 1594 omnium
1183 1557 1263 1595 sanc—

59 1625 170 1689 torum,
191 1636 210 1674 a
229 1618 316 1674 nobis
336 1617 438 1693 procul
458 1617 623 1694 repellant;
647 1624 678 1674 et
698 1617 836 1675 omnibus
856 1616 992 1675 fidelibus
1014 1616 1191 1675 Christianis
1211 1637 1264 1674 seu

57 1697 150 1754 etiarn
164 1698 279 1755 cunctis
292 1696 489 1755 familiaribus
510 1698 620 1755 nostris
637 1698 715 1755 vivis
732 1718 766 1755 ac
785 1696 931 1756 defunctis
951 1698 1067 1775 prosint
1080 1699 1118 1755 ad
1132 1699 1261 1770 veniam,

58 1797 112 1854 pro
126 1798 252 1854 quorum
267 1798 452 1855 quarumque
465 1779 522 1835 tibi
541 1785 612 1835 sunt
626 1779 726 1836 oblata
739 1778 843 1837 salute.
886 1778 945 1836 Per
958 1780 1085 1838 eundem
1099 1779 1263 1837 Dominum

58 1865 195 1917 nostrum
209 1860 231 1917 J
232 1879 322 1917 esum.
367 1860 427 1928 Qui
437 1866 537 1917 tecum
551 1860 629 1917 vivit
642 1865 672 1917 et
686 1865 798 1936 regnat.

463 2089 566 2147 Missa
586 2105 644 2148 rao
672 2088 860 2147 Dururvcrrs.

121 2169 263 2245 Officium.
745 2210 748 2215 -

118 2251 267 2390 {equiem
280 2258 422 2308 aeternam
436 2251 514 2309 dona
528 2252 580 2324 eis,
595 2251 744 2309 Domine:
772 2257 803 2308 et
816 2250 870 2307 lux
883 2256 1026 2329 perpetua
1039 2251 1137 2309 luceat
1152 2252 1200 2310 eis.

118 2352 163 2471 Tg
193 2352 277 2470 fflt
307 2412 444 2488 hymnus,
478 2412 569 2484 Deus,
595 2413 628 2469 in
659 2412 752 2470 Sion:
787 2418 819 2469 et
845 2412 903 2469 tibi
930 2411 1073 2469 reddetur
1100 2418 1205 2471 votum
1232 2414 1273 2483 in

57 2493 249 2587 Hierusalem
263 2515 269 2551 :
290 2494 400 2551 exaudi
413 2494 578 2552 orationem
591 2513 687 2551 meam
703 2514 709 2551 :
743 2493 782 2551 ad
795 2498 826 2550 te
839 2493 936 2550 omnis
950 2513 1016 2550 caro
1031 2494 1140 2552 veniet.

117 2575 245 2728 iddlizda
261 2655 399 2728 Domine,
415 2676 517 2713 aurem
528 2662 611 2714 tuam
620 2655 658 2713 ad
667 2674 767 2732 preces
776 2660 900 2726 nostras,
912 2655 1020 2730 quibus
1029 2655 1260 2712 misericordiam

57 2746 142 2794 tuam
157 2737 303 2813 supplices
324 2737 523 2812 deprecamur,
539 2742 574 2794 ut
587 2736 718 2793 animam
731 2735 837 2793 famuli
856 2736 913 2806 tui,
927 2755 1017 2811 quam
1031 2735 1068 2792 de
1088 2736 1143 2793 hoc
1158 2736 1264 2794 saeculo

55 2819 183 2893 migrare
200 2817 324 2893 jussisti,
352 2817 385 2873 in
412 2817 491 2895 pacis
518 2837 551 2875 ac
579 2817 654 2874 lucis
680 2818 800 2892 regione
828 2816 999 2888 constituas,
1030 2822 1061 2873 et
1088 2823 1260 2874 sanctorum

56 2907 179 2955 tuorum
218 2899 324 2975 jubeas
358 2918 420 2956 esse
454 2904 627 2956 consortem.
698 2897 757 2955 Per
784 2896 948 2954 Dominum
982 2902 1119 2954 nostrum
1153 2897 1260 2954 Jesum

56 2980 212 3036 Christum
226 2979 338 3036 Filium
351 2983 443 3037 tuam.

116 3060 179 3117 Pro
193 3079 308 3135 corpore
316 3061 457 3135 praesenti
470 3060 582 3118 dicitur
595 3060 653 3117 isto
667 3059 768 3136 epistol
788 3104 794 3116 .

117 3141 214 3198 Lectio
229 3140 298 3198 libri
310 3141 545 3199 Mucdabaeorum
558 3141 596 3218 (2
610 3140 662 3198 xii.
680 3142 795 3218 43-45).

116 3222 158 3278 In
178 3221 282 3279 diebus
301 3221 369 3294 illis,
392 3222 452 3279 Vir
478 3221 658 3279 fortissimus
684 3222 788 3292 dudae,
810 3220 966 3279 collatione
993 3219 1072 3278 facta
1102 3239 1195 3296 usqae
1222 3219 1263 3278 ael

56 3303 115 3379 pro
117 3301 274 3441 gqecqunqtis
287 3322 418 3376 exorare,
432 3308 468 3360 ut
482 3323 500 3360 a
512 3304 638 3380 peccatis
653 3304 814 3361 solvantur.

115 3404 263 3540 Requierir
278 3469 419 3522 aeternam
432 3465 510 3523 dona
523 3465 574 3537 eis,
590 3464 720 3522 Domine
737 3485 743 3522 :
764 3469 794 3521 et
807 3463 862 3521 lux
875 3469 1018 3541 perpetua
1032 3463 1131 3521 luceat
1146 3463 1197 3522 eis.

62 3546 90 3603 l'.
112 3546 256 3683 rqiybsolve,
273 3545 410 3620 Domine,
425 3547 539 3604 animas
554 3566 656 3604 eorum
669 3547 707 3603 ab
726 3545 808 3603 omni
822 3545 942 3603 vinculo
957 3545 1140 3602 delictorum.
1174 3588 1177 3597 i

117 3647 334 3783 Dbairbiundis
347 3708 472 3766 clamavi
486 3709 523 3766 ad
537 3715 577 3782 te,
590 3706 737 3766 Domine:
759 3706 897 3778 Domine,
915 3705 1024 3763 exaudi
1038 3712 1141 3763 vocem
1154 3725 1259 3763 meam.

63 3788 92 3846 1⁷.
116 3787 208 3846 Fiant
220 3808 306 3846 aures
320 3795 379 3847 tuae
393 3790 598 3848 intendentes:
619 3789 652 3845 in
666 3787 829 3846 orationem
844 3787 922 3844 servi
936 3786 991 3844 tui.

63 3869 92 3926 1⁷.
116 3869 150 3926 Si
162 3870 337 3945 iniquitates
351 3871 558 3940 observaveris,
575 3871 722 3928 Domine:
743 3868 881 3940 Domine,
897 3868 964 3944 quis
979 3867 1138 3925 sustinebit
1151 3867 1162 3923 l

61 3952 91 4007 V.
116 3950 195 4042 Quia
215 3950 295 4026 apud
314 3956 345 4008 te
365 3950 536 4028 propitiatio
558 3955 621 4007 est:
656 3956 687 4007 et
707 3956 829 4027 propter
848 3949 943 4028 legem
964 3954 1048 4007 tuam
1069 3946 1199 4004 sustinui
1219 3953 1258 4018 te,

55 4032 307 4186 DomPldbecorporc
316 4110 455 4185 praeacuti
468 4111 587 4168 dicator
600 4111 681 4168 istud
694 4111 883 4186 evangelium.

115 4192 291 4265 Secundum
300 4191 464 4251 tloleceaaem
481 4193 538 4269 (eci.
549 4192 672 4268 ¹21-27)

115 4274 156 4330 In
175 4273 229 4329 illo
249 4278 391 4348 tempore,
413 4271 503 4329 Dixit
523 4272 645 4329 Martha
666 4272 703 4329 ad
717 4273 849 4344 .Jesum;
874 4270 1013 4341 Domine,
1031 4269 1056 4326 si
1077 4268 1182 4325 fuisses
1203 4268 1261 4340 hic,

52 4356 146 4412 frater
161 4373 245 4411 meus
258 4372 320 4410 non
332 4353 436 4411 fuisset
450 4359 586 4410 mortuus
596 4373 687 4430 usquc
701 4355 741 4411 ad
753 4359 789 4411 tu
803 4373 834 4410 es
853 4352 989 4410 Christus
1004 4349 1100 4407 Filius
1114 4349 1174 4408 Dei
1190 4349 1263 4419 vivi,

52 4436 105 4513 qui
119 4435 152 4492 in
165 4435 247 4493 hunc
261 4434 406 4492 mundum
420 4435 537 4511 venisti.
