2910 4904
737 477 798 535 XI.

633 598 695 677 (Da
715 598 745 657 S.
768 597 902 677 Mnnm.)

333 723 364 779 A
378 721 455 781 uni*
468 738 563 780 mace
576 738 687 780 unrms
700 722 786 795 Eva,
799 730 834 780 ut
847 741 939 798 supro
966 721 1035 794 (vol
1050 722 1081 780 ii
1096 741 1125 799 p.
1141 718 1205 799 82).

731 961 809 1019 XII.

410 1092 700 1151 Ino1r1ourPaosa
719 1109 761 1149 nn
781 1091 974 1151 Naurum
994 1092 1122 1151 Dounu.

473 1199 620 1274 Alleluya

415 1292 536 1349 (tamon
548 1291 732 1364 arscessat
744 1300 778 1349 ut
791 1311 882 1368 epra
895 1290 965 1368 (vol
979 1291 1000 1350 i„
1015 1311 1046 1370 p.
1063 1293 1125 1370 19).

720 1537 817 1598 ΧΙῙΙ.

588 1662 642 1738 (Iu
661 1661 784 1720 Nurum
805 1662 949 1741 Dounu.)

232 1784 282 1840 Ad
294 1783 451 1859 Sequentia
463 1783 575 1841 Beatus
587 1784 642 1841 vir.

235 1864 382 1942 Alleluya

174 1962 329 2020 Gnoluose
342 1977 411 2019 mus
425 1978 522 2019 Annsr
536 1981 594 2038 qua
607 1961 749 2037 processit
761 1967 926 2038 praepotens
939 1978 977 2019 ex
989 1960 1115 2038 virginis
1126 1961 1205 2020 aula„

172 2043 258 2100 Idem
272 2043 354 2100 Deus
366 2043 502 2100 conditor
514 2042 668 2099 hominum
681 2043 777 2100 factus
790 2048 836 2101 est
848 2042 936 2100 homo
948 2042 996 2101 die
1008 2042 1076 2114 ista,

173 2122 257 2197 Qua‡
271 2124 394 2200 gloriam
407 2124 535 2181 cecinere
549 2124 613 2180 Deo
626 2130 727 2181 sancta
739 2123 857 2199 agmina
864 2143 873 2196 3

174 2206 250 2282 Regi
264 2211 334 2262 nato
347 2224 435 2282 quam
446 2223 563 2282 quoque
576 2224 636 2261 vox
646 2211 732 2262 canat
745 2205 857 2281 liquide
870 2210 977 2262 nostra

172 2285 242 2362 Ipse
255 2305 382 2362 namque
395 2291 431 2343 ut
444 2292 559 2343 curaret
571 2292 673 2343 nostra
685 2285 815 2343 facinora
828 2292 858 2344 et
870 2291 997 2362 peccata,
1008 2304 1069 2342 non
1081 2283 1220 2361 linquens
1231 2285 1373 2363 cueloetia,

173 2367 320 2443 Praesepio
334 2368 404 2444 poni
416 2387 476 2425 non
489 2367 615 2438 distulit,
629 2372 665 2423 ut
677 2367 730 2443 qui
742 2367 827 2443 panis
839 2367 926 2424 vivus
939 2371 1004 2424 erat
1015 2365 1099 2425 nobis
1111 2367 1197 2425 daret
1208 2368 1359 2444 patibulo.

173 2448 244 2504 Jam
257 2468 337 2505 nunc
350 2449 443 2524 igitur
451 2448 514 2505 laeti
527 2448 691 2506 deferamus
704 2448 826 2505 laudum
839 2448 992 2524 praeconia,

172 2529 204 2585 N
205 2535 285 2586 ostra
298 2536 443 2587 certantes
456 2535 492 2586 ut
504 2530 544 2587 sit
558 2549 632 2605 pura
644 2548 728 2586 mens
741 2535 772 2586 et
784 2529 970 2587 conscientie

173 2610 199 2667 Ο
213 2611 298 2667 beate
311 2617 510 2686 protomartyr
524 2611 680 2686 Stephane,
695 2611 779 2687 cujus
792 2610 885 2667 instat
898 2609 1081 2667 sollemnitas
1092 2609 1243 2686 praeclnra,

172 2691 222 2762 Te,
238 2711 414 2767 quaesumus
428 2698 464 2748 ut
477 2691 621 2767 possimus
633 2691 754 2749 hortatu
768 2691 816 2749 tui
828 2691 900 2748 fulti
912 2692 983 2749 vltae
996 2709 1145 2749 assumere
1156 2710 1280 2768 pascua,

172 2771 280 2830 Satiati
294 2774 401 2849 quibus
414 2773 553 2830 adeamus
566 2773 649 2848 digni
662 2772 760 2829 eaelica
772 2772 985 2830 contubernia:

174 2852 240 2921 Quo
253 2873 415 2930 pangamus
428 2855 492 2910 sine
504 2854 564 2910 fine
578 2854 695 2910 Christo
708 2861 779 2910 nato
792 2853 908 2930 virgine
919 2853 1064 2910 inviolata

172 2933 324 3010 Regnanti
337 2955 403 2992 cum
417 2934 508 2991 Patre
521 2934 609 2992 simul
623 2935 702 2992 orbis
714 2954 806 3010 regna
817 2953 870 3010 per
883 2934 983 2992 omnia
993 2952 1003 3005 3

173 3014 309 3072 Potestas
322 3016 370 3073 cui
383 3022 413 3072 et
426 3015 522 3072 honor
534 3021 579 3072 est
592 3016 625 3072 in
638 3022 750 3073 aeterna
759 3015 874 3073 secula.

174 3097 273 3153 Amen
283 3097 384 3154 dicunt
398 3096 506 3154 omnia.

725 3281 818 3341 XIV.

309 3405 403 3461 Proso
416 3403 624 3478 adsequerere
644 3421 686 3461 or
705 3420 818 3462 smero
837 3404 860 3462 J
861 3419 996 3478 omma,
1010 3418 1229 3462 armenteri.

235 3523 382 3600 Alleluya

174 3623 259 3680 Lnos
272 3638 445 3679 maxema
458 3637 612 3680 ursunrm
621 3621 771 3698 Alleluya.

174 3703 274 3760 Matre
287 3702 412 3759 fecunda
426 3703 550 3759 Domini
561 3705 659 3778 gratia
671 3703 767 3779 proles
779 3703 862 3761 adest
874 3703 992 3776 eximia,

175 3783 366 3859 Evangelisto
378 3783 400 3841 J
401 3783 531 3841 ohannes
544 3784 647 3841 divina
660 3785 841 3841 annuntians
854 3785 1016 3860 praeconia:

174 3865 234 3922 Vel
251 3869 287 3920 ut
300 3864 399 3940 aquila
412 3865 504 3940 figens
518 3865 631 3922 lumina
647 3865 679 3921 in
692 3866 754 3922 alta
768 3865 898 3923 Deitatis
911 3885 1017 3923 arcana
1033 3865 1259 3943 supergrediens
1271 3866 1371 3927 omnia

254 3945 349 4002 cordis
362 3945 446 4002 oculo
460 3946 578 4002 condita
588 3966 598 4017 3

175 4026 278 4084 Mente
291 4026 405 4101 liquida
418 4026 620 4101 contemplans
633 4026 686 4083 illa
702 4028 817 4085 excelsa
833 4047 904 4086 voce
918 4027 1016 4105 palam
1028 4025 1152 4104 prolata,
1167 4027 1207 4086 1„
1222 4027 1370 4107 principio

254 4127 322 4164 cum
336 4107 426 4164 Patre
439 4115 503 4165 erat
517 4108 652 4165 Verbum
665 4128 717 4185 per
730 4109 843 4167 saeeuh„

235 4237 246 4261 ι
316 4262 346 4269 -

233 4297 246 4355 †
263 4234 433 4399 llsssnlrlddiffi
438 4295 498 4341 with
513 4309 544 4341 an
559 4294 690 4341 alditioml
703 4296 751 4342 lise
765 4297 791 4342 in
806 4297 846 4344 the
855 4296 916 4345 letor
926 4294 1032 4357 Mitule,
1043 4294 1159 4343 “uniet
1167 4295 1308 4357 notum?
1317 4294 1367 4345 ride

173 4368 248 4472 ’Ἥ
271 4367 435 4466 ‘titan
