2910 4904
610 324 734 390 Prosoe.

619 532 731 590 XXII.

284 651 380 710 Proca
400 652 515 710 Eduxit
529 653 684 711 Dominus.
725 653 775 712 Du
795 653 1058 712 Rmusmcrronr.

156 774 265 832 Pauca
284 791 390 832 nunus
410 792 520 847 conon,
541 792 651 848 vunan,
667 776 786 834 Christo
799 774 952 855 praeconia,

155 855 367 913 Concelebrans
380 857 551 914 admiranda
610 885 612 890 ·

155 936 309 993 Paschalia
330 945 517 996 sacramenta.
563 937 756 996 Obeneficia!
777 937 804 996 0
824 957 913 1014 quam
932 937 1070 996 mirifica!
1089 935 1171 995 omni
1186 936 1271 996 seclo

150 1019 152 1024 ’
235 1017 340 1093 posita,

155 1098 230 1154 Alta
243 1097 310 1174 polo
324 1098 472 1171 micantia,

156 1179 267 1254 Magna
281 1179 342 1236 solo
355 1179 507 1255 fulgentia.

157 1260 229 1328 Quae
240 1260 309 1316 licet
322 1261 419 1335 ampla
433 1261 557 1318 miretur
571 1260 701 1318 Ecclesia
713 1266 815 1319 saneta
832 1260 990 1325 catholica,

156 1342 229 1397 Haec
242 1347 342 1397 tamen
356 1342 433 1397 alma
445 1341 618 1417 praecellunt
631 1343 774 1399 mutantia
786 1341 893 1400 festiva
905 1341 1020 1419 gaudia,

155 1421 209 1477 Sui
221 1441 275 1497 per
288 1422 421 1498 insignia.
584 1419 593 1435 ¹

155 1502 234 1577 Ergo
247 1502 326 1559 clara
339 1508 514 1578 concrepent
527 1522 645 1579 organa,

154 1582 195 1639 Et
210 1584 359 1640 mundana
373 1584 473 1641 reboet
486 1580 628 1642 machina.

155 1663 257 1721 Gaude
270 1664 490 1739 praeclulcisona,

155 1744 233 1813 Quia
245 1745 385 1802 damnata
397 1753 483 1803 nocte
497 1751 527 1803 et
540 1745 650 1803 calcata
663 1751 757 1804 morte
770 1751 920 1822 perpetua,

154 1825 289 1881 Christus
303 1827 340 1883 ad
354 1826 448 1883 aethra
461 1826 547 1884 hodie
560 1827 697 1902 praecelsa
710 1827 788 1884 redit
801 1827 932 1885 victoria.

153 1906 237 1962 Ante
250 1907 334 1963 saecla
346 1927 450 1964 arcana
465 1914 628 1982 praenotata
640 1907 825 1984 complentur
834 1908 888 1965 hac
902 1908 950 1964 die
962 1905 1092 1984 fulgida;

154 1985 369 2062 Prophetarum
384 2008 512 2063 praesaga
525 2007 606 2045 sacra
621 1989 708 2046 verba
720 1989 874 2046 nudantur
886 1988 940 2046 hac
955 1989 1018 2045 luce
1031 1984 1190 2063 splendida.

154 2067 261 2143 Agnus
276 2067 333 2125 Dei
343 2069 407 2127 sine
420 2068 535 2126 macula
544 2069 674 2127 surrexit
687 2070 773 2127 hodie
784 2077 878 2127 morte
892 2071 971 2127 victa
983 2069 1119 2127 Christus
1132 2069 1275 2125 immensa

235 2148 334 2222 gloria.

152 2227 263 2298 Gaude,
278 2230 414 2287 mrterO
434 2230 593 2303 Catholioa‚
609 2231 717 2304 laetare,
732 2231 843 2301 exulta,
858 2230 1034 2288 circumfusa
1050 2229 1136 2307 longe
1153 2229 1269 2305 lateque

235 2310 386 2369 Ecclesia:

156 2389 268 2447 Mentis
282 2391 435 2448 alacritate
444 2392 538 2467 junge
551 2392 672 2450 canticis
685 2393 806 2452 cantica

156 2471 291 2528 Christus
303 2471 358 2528 hac
372 2472 419 2528 die
432 2472 518 2545 clara,
533 2480 628 2530 morte
638 2480 797 2549 perempta,
812 2480 843 2531 te
853 2473 980 2531 clemens
993 2473 1085 2530 altam
1095 2471 1273 2531 restauravit

253 2552 286 2609 in
300 2552 434 2628 patriam.

156 2632 266 2690 Dicant
279 2653 381 2691 omnes
393 2631 539 2710 Alleluya.

611 2764 740 2822 XXIII.

212 2878 306 2935 Proca
319 2879 359 2935 ad
372 2877 528 2953 Sequentia
542 2879 670 2936 Cithara.
713 2880 763 2936 Dn
784 2881 979 2937 Asonusroua
1000 2879 1129 2937 Domru.

194 2993 264 3052 Rnx
285 3012 477 3054 onmroanus
497 3013 551 3053 nm
571 3012 739 3069 nonmnus,
754 3006 890 3073 utsupra
905 2997 974 3074 (vol.
990 2997 1009 3056 i.
1025 3017 1053 3074 p.
1070 2995 1148 3071 147).

609 3174 733 3232 XXIV.

326 3288 366 3346 Iu
387 3304 532 3346 carnosa
552 3305 781 3347 sonnunurmra
800 3290 1018 3350 Panrneosrna.

107 3395 109 3399 ’
194 3401 375 3462 Bruanium
394 3420 440 3461 sm
459 3419 558 3461 naara
577 3404 734 3477 annrras,
749 3414 889 3483 utsupra
903 3405 972 3485 (vol.
987 3406 1007 3464 i.
1022 3424 1051 3482 p.
1068 3403 1148 3484 213).

614 3596 721 3654 XXV.

220 3700 316 3758 Proca
329 3701 370 3758 ool
383 3701 484 3759 Mater
494 3702 720 3779 sequentiarum.

153 3803 239 3863 Anna
252 3824 387 3865 cantusare
400 3827 514 3865 necnon
528 3814 559 3865 et
571 3827 698 3884 perenne
708 3808 786 3885 lupa,
801 3817 835 3866 ut
848 3828 939 3886 upra
953 3807 1021 3889 (vol.
1038 3809 1070 3868 ii.
1083 3830 1110 3888 p.
1127 3809 1186 3888 98).

606 3987 730 4045 XXVI.

340 4109 379 4166 Iu
399 4109 520 4167 Narem
541 4125 648 4167 ssucn
668 4109 690 4167 J
691 4125 836 4182 onanurs,
858 4126 1013 4169 malm

213 4188 366 4266 Alleluya.

154 4288 298 4346 Exsunra
311 4305 429 4361 annun,
443 4290 543 4348 laetare
556 4295 643 4362 terra,
658 4290 829 4367 Christique
843 4297 950 4362 turma,

154 4368 347 4426 Praecursoris
359 4370 437 4427 alma
450 4371 654 4429 sollemnizans
667 4372 729 4430 haec
743 4372 827 4444 festa,

155 4448 237 4508 Voce
251 4450 364 4508 Christi
377 4458 479 4510 sancta
492 4458 538 4510 est
551 4452 604 4529 qui
616 4453 720 4510 mundi
734 4452 861 4525 lucerna,
