2910 4904
633 277 729 343 Festa
743 279 845 344 Man.
1298 286 1339 348 39
1432 346 1434 351 .

186 505 298 564 Seueri
320 507 458 578 Ueseui,
480 525 564 565 rasin
585 526 622 566 nr
642 527 803 568 ussrrsrs.
848 510 921 588 (viii.
939 511 1009 572 Kal.
1024 512 1097 576 Jun.
1141 512 1215 589 May
1229 511 1290 591 25.)

196 653 338 728 Officium.
380 655 550 714 Sacerdotes
571 656 636 714 Dei.

197 734 308 793 Oratio.

196 815 252 886 Da,
268 836 445 892 qnaesumus,
460 819 648 895 omnipotens
662 821 752 892 Deus,
768 819 869 896 utqui
887 821 968 878 beati
990 820 1110 879 Urbani
1131 820 1272 899 martyris
1293 822 1339 879 tui

132 902 223 973 atque
236 898 385 973 pontificis
403 898 558 956 sollemnia
574 901 703 972 colimus,
722 903 785 978 ejus
803 902 882 978 apud
903 909 934 960 te
957 902 1216 971 intercessionibus
1237 903 1338 979 adjuv-

132 996 224 1036 emur.
268 978 327 1035 Per
347 980 511 1036 Dominum
529 987 673 1038 nostrum.

192 1070 336 1146 Epistola.
379 1072 503 1130 Justum
517 1073 650 1134 deduxit.

192 1151 343 1228 Alleluya
393 1152 421 1209 V.
445 1154 554 1211 Inveni
570 1155 676 1212 David

130 1312 155 1370 Α
192 1232 342 1326 Alleluya
392 1234 420 1291 V.
445 1234 581 1292 Surrexit
606 1236 753 1293 Dominus
777 1256 854 1309 vere,
878 1243 908 1294 et
932 1238 1071 1314 apparuit
1095 1239 1204 1296 Petro:
1232 1237 1276 1295 vel
1301 1239 1336 1296 de

158 1333 312 1371 stennone.

189 1405 227 1464 Si
239 1427 303 1465 vero
313 1417 380 1483 post
392 1408 514 1466 Festum
528 1410 687 1468 Prinitatis
700 1413 829 1483 evenerit,
846 1421 916 1470 tunc
929 1412 1064 1470 dicetur:

190 1486 326 1546 Gradeba
369 1487 391 1544 J
393 1491 500 1547 uravit.

187 1568 390 1643 Evcnyele'nnr.
434 1571 575 1647 Vigilate,
590 1573 660 1648 quia
675 1573 802 1631 nescitis

190 1649 384 1722 offertorium.
427 1651 536 1709 Inveni
550 1653 656 1712 David.

187 1729 312 1789 Secreta.

190 1811 267 1869 Haec
280 1813 385 1884 hostia,
401 1814 538 1885 Domine,
554 1835 730 1890 quaesumus,
746 1817 886 1873 emundet
900 1821 1001 1873 nostra
1020 1814 1136 1887 delicta,
1150 1822 1181 1873 et
1195 1817 1233 1874 ad
1246 1817 1332 1874 sacri-

124 1892 229 1949 ficium
243 1894 451 1951 celebra-ndum
465 1896 650 1953 subditorum
664 1899 721 1954 tibi
735 1915 855 1973 corpora
875 1905 1046 1972 mentesque
1060 1897 1230 1956 sanctificet.
1274 1898 1332 1956 Per

126 1972 294 2030 Dominum
313 1980 457 2032 nostrum.

189 2053 373 2113 Oornrnnnin
417 2057 528 2114 Fidelis
548 2078 657 2116 servus.

188 2136 452 2194 Postcomntnnio.*

187 2217 305 2274 Refecti
317 2219 543 2294 participatione
556 2220 687 2276 muneris
701 2220 784 2291 sacri,
797 2241 972 2296 quaesumus,
983 2222 1112 2280 Domine
1122 2223 1204 2279 Deus
1218 2227 1328 2294 noster,

126 2304 160 2354 ut
175 2300 260 2372 cujus
274 2300 464 2375 exsequimur
477 2299 598 2373 cultum,
614 2302 776 2358 sentiamus
790 2303 934 2360 effectum.
977 2304 1036 2361 Per
1049 2303 1221 2363 Dominum

236 2555 349 2614 Sinoni
369 2557 555 2626 Aususrnu,
577 2556 758 2614 Aucuosurr
779 2573 922 2615 misceri.
966 2556 1029 2636 (vii.
1047 2556 1117 2616 Kal,
1133 2556 1220 2634 Jun.)

188 2701 329 2778 Officium.
372 2703 487 2760 Statuit
501 2704 536 2760 ei.

189 2784 299 2844 Oratio

187 2866 277 2939 Deus,
304 2865 357 2941 qui
384 2867 504 2922 beatum
528 2865 733 2942 Augustinum
761 2866 930 2942 pontificem
958 2867 1108 2924 doctorem
1128 2866 1238 2942 populo
1261 2884 1326 2932 con-

133 2947 238 3004 cessisti
252 2947 430 3023 Anglorum‚
445 2947 537 3022 ipsius
550 2947 722 3004 interventu
736 2947 855 3004 veniam
868 2948 955 3004 nobis
968 2948 1066 3005 tribue
1085 2954 1280 3024 peccatorum,
1296 2953 1327 3004 et

134 3028 268 3103 cumipse
282 3028 443 3099 caelestium
456 3028 576 3103 praemia
589 3029 770 3104 gaudiorum.
814 3028 873 3085 Per
888 3024 1059 3086 Dominum.

185 3109 326 3183 Epistola.
371 3108 446 3166 Ecce
460 3109 591 3165 sacerdos
604 3128 736 3184 magnus,
752 3109 849 3184 quiin
863 3110 927 3167 vita
941 3130 1000 3167 sua.

187 3189 321 3248 Grndnle.
364 3189 387 3246 J
388 3190 495 3246 uravit.

185 3271 333 3346 Alleluya.
382 3270 412 3327 V.
435 3270 457 3328 J
459 3277 543 3327 ustus
556 3269 743 3345 germinabit.

185 3363 218 3420 St
239 3374 362 3439 tempore
375 3363 515 3421 Paeebnli
535 3363 665 3433 evenerit,
683 3365 842 3420 secundnm
863 3366 916 3421 erit
937 3363 1085 3437 Alleluya.
1134 3363 1163 3420 V.
1187 3363 1324 3421 Surrexit

140 3441 292 3515 altissimus,
308 3464 404 3519 qnare
417 3445 451 3500 in
465 3443 636 3502 Inventione
650 3453 755 3501 senctce
770 3443 894 3514 Crncie,·
918 3445 962 3502 vel
973 3446 1008 3502 de
1023 3445 1200 3502 Aseencr'one.

185 3525 347 3600 Sequentia.
390 3526 487 3581 Adest
501 3525 592 3591 nobie,
607 3535 641 3582 ut
655 3526 689 3582 in
704 3525 862 3583 Communi
875 3526 968 3582 enine
981 3524 1156 3600 cmrsessoria

185 3607 383 3681 Evenqelinm.
426 3606 544 3677 Videte,
561 3607 689 3682 vigilate.

187 3687 377 3761 offertorium.
420 3687 529 3744 Inveni
543 3688 650 3744 David.

186 3767 302 3827 Secreta.

187 3848 297 3920 Oblata,
313 3869 489 3925 quaesumus,
505 3849 641 3917 Domine,
657 3869 781 3906 munera
794 3850 888 3907 fidelis
902 3849 1004 3926 populi
1024 3849 1137 3907 meritis
1158 3847 1320 3906 beatissimi

144 3932 237 3998 patroni
250 3932 345 3987 nostri
358 3931 523 4006 Augustini
536 3931 594 3987 tibi
609 3930 772 3988 reddentur
791 3938 918 4007 accepta,
934 3937 969 3988 ut
987 3932 1025 3988 ab
1045 3931 1127 3988 omni
1146 3930 1320 4005 contagione

144 4012 232 4076 peccati
248 4012 357 4068 eisdem
378 4012 484 4087 quibus
502 4011 681 4068 famulamur
702 4013 850 4087 mysteriis
874 4013 1034 4070 clementer
1055 4011 1209 4069 emundari
1230 4029 1319 4067 mere-

147 4102 217 4147 amur.
257 4092 323 4149 Per.

189 4233 261 4281 'MS
272 4236 517 4282 D.-Posteommunic.
555 4237 691 4293 Sumentcs,
707 4237 817 4295 Domine,
833 4242 980 4282 sacramenta
1000 4238 1110 4294 caelestia,
1124 4237 1237 4295 pictatem
1254 4240 1319 4282 tuam

148 4285 213 4338 uuili
221 4295 341 4342 devotione
357 4295 517 4354 deposcimus,
526 4299 554 4341 ut
566 4297 640 4353 illam,
650 4310 704 4354 quse
713 4298 739 4341 in
750 4297 819 4342 beato
831 4296 929 4342 Urbano
940 4300 1046 4354 martyre
1062 4300 1105 4341 tuo
1120 4300 1192 4355 atque
1208 4296 1321 4356 pontifice

149 4345 248 4457 ¹1³ngth
249 4355 333 4460 {22th
344 4354 494 4400 dilectionem
507 4356 577 4400 nobis
587 4356 709 4414 benignus
718 4357 815 4415 aspires.
847 4356 893 4400 Per
904 4356 1039 4400 Dominum.
