2910 4904
133 301 195 368 172
541 299 649 364 ulliaco
666 321 732 384 pro
754 299 922 384 Iapirmis.

189 463 356 523 Secundum
370 465 544 523 Mattianum
561 467 619 540 (ia.
637 466 754 544 23-25)

190 547 229 602 In
241 546 293 603 illo
307 552 446 622 tempore,
463 546 615 605 Circuibat
628 553 722 604 totam
737 546 891 604 Galilaeam
904 567 994 623 araque
1007 546 1050 605 ad
1057 548 1153 606 turboe
1166 546 1282 606 multae.

191 625 384 701 Offirtorc'cm.
428 627 518 700 Dede,
534 634 569 685 tu
583 633 764 685 convertens.

189 706 311 767 Secreto.

189 787 315 864 Protege
336 807 397 861 nos,
420 808 596 864 quaesumus,
619 789 756 861 Domine,
780 789 876 865 gratio
897 799 951 845 tua
977 788 1035 845 tibi
1056 795 1160 847 sancte
1188 788 1337 847 sacrificia.

129 868 324 940 immolantes,
339 875 369 925 et
383 869 500 945 plagam
524 868 716 926 mortalitatis
730 890 818 946 quam
832 889 921 946 super
940 889 994 926 nos
1014 870 1211 945 propeccatis
1223 870 1338 927 nostris

128 950 282 1006 imminere
309 969 458 1025 pavemus,
472 970 524 1026 per
545 950 691 1007 auxilium
713 951 919 1008 misericordiae
942 957 1001 1007 tuae
1023 950 1188 1008 sentiamus
1212 969 1334 1008 cessare.

130 1029 195 1087 Per.

190 1109 370 1168 Communis
414 1110 525 1184 Amen,
541 1111 606 1168 dico
619 1111 711 1170 vobis.

188 1191 430 1250 I'oatcommunio

190 1272 331 1348 Sumptis,
347 1270 482 1344 Domine,
506 1272 609 1329 salutis
629 1279 737 1330 nostrae
759 1272 896 1330 subsidiis
917 1279 1001 1329 tuam
1024 1271 1257 1330 misericordiam
1271 1292 1337 1349 sup

128 1352 245 1428 pliciter
267 1353 463 1428 deprecamus,
479 1359 514 1409 ut
538 1354 575 1410 ab
597 1353 766 1410 imminenti
789 1373 843 1410 nos
866 1353 953 1430 plaga
974 1348 1112 1411 defendas
1126 1358 1157 1411 at
1169 1352 1210 1410 ab
1223 1360 1336 1412 aeternn

127 1432 317 1490 damnatione
331 1433 444 1509 eripias.
488 1433 547 1490 Per
561 1435 733 1494 Dominum.

405 1669 506 1727 Mrssn
526 1687 584 1729 ano
605 1687 790 1740 onncnnonn
811 1672 1051 1731 Taraumrrorn.

188 1798 328 1874 Officium.
372 1801 456 1859 Salus
465 1803 575 1878 populi

190 1880 299 1939 Oratio.

187 1961 372 2019 Ineffabilem
396 1962 625 2021 misericordiam
640 1971 723 2022 tuam
747 1966 839 2037 nobis,
855 1965 992 2036 Domine,
1008 1965 1166 2024 clementer
1188 1966 1332 2038 ostenda3

126 2048 162 2096 ut
175 2041 263 2099 simul
277 2063 330 2099 nos
344 2050 374 2100 et
387 2063 405 2099 a
417 2045 544 2119 pcccatis
558 2046 693 2102 omnibus
708 2066 807 2118 exuas,
822 2053 852 2104 et
872 2068 890 2104 a
910 2047 1002 2124 paenis
1020 2066 1093 2123 quas
1105 2065 1160 2123 pro
1174 2046 1223 2104 his
1236 2066 1329 2105 mera·

126 2142 194 2178 mur
208 2123 353 2198 benignus
368 2125 481 2199 eripias.
526 2125 591 2182 Per.

186 2215 327 2290 Epistola.
371 2215 512 2274 Miserere
526 2219 628 2288 nostri,
645 2219 735 2292 Deua,
745 2228 777 2276 act
791 2240 883 2295 supro
896 2220 931 2277 in
944 2219 1040 2278 Misso
1049 2240 1106 2296 pro
1116 2218 1330 2293 familiaribus.

189 2296 322 2354 Grodola.
366 2297 518 2373 Propitius
532 2306 601 2356 esto.

186 2377 334 2454 Alleluya.
386 2379 413 2436 V.
437 2379 497 2448 Qui
512 2387 604 2437 sanat.

185 2458 386 2533 Ecocqclium.
432 2458 600 2518 Secundum
613 2462 760 2519 Marcum.

187 2538 296 2611 Amen,
313 2540 377 2597 dico
390 2541 482 2614 vobis,
503 2542 574 2617 quia
595 2543 621 2598 si
635 2543 701 2618 quis
714 2542 825 2600 dixerit
842 2541 911 2599 huic
928 2542 1031 2611 monti,
1045 2541 1169 2615 Tollere,
1184 2550 1212 2601 ct
1230 2551 1329 2615 cetera,

125 2628 159 2675 ul
173 2620 206 2676 in
221 2620 310 2678 Faria
324 2630 432 2696 quarto
440 2631 507 2697 post
517 2622 705 2680 Dominiccnc
719 2624 882 2696 vicesimum
895 2624 1058 2681 comodum.

188 2712 380 2786 offertorium.
425 2716 549 2790 Speront
561 2717 594 2772 in
608 2723 647 2774 te.

186 2793 305 2852 Secreto.

187 2874 334 2932 Sacrificio
357 2876 422 2947 tibi,
444 2877 581 2949 Domine,
603 2877 792 2951 immolanda,
817 2897 995 2954 quaesumuS,
1016 2877 1104 2935 cordo
1126 2881 1231 2935 nostra
1252 2877 1329 2955 pmi-

125 2956 222 3024 licent,
238 2963 267 3011 et
281 2956 473 3032 indulgentiae
486 2964 546 3014 tuae
560 2959 645 3015 nobis
666 2960 743 3016 dona
763 2959 930 3031 concilient,
946 2963 977 3015 et
996 2958 1033 3015 de
1046 2957 1177 3015 adversis
1191 2976 1329 3035 prospero

125 3035 235 3092 sentire
248 3036 409 3110 perficiant.
453 3038 518 3094 Per.

187 3126 368 3186 Continuam,
411 3132 521 3202 Amen,
536 3131 601 3187 dieo
615 3131 706 3188 vobis,

186 3209 427 3267 Poatoommunio.

186 3290 267 3359 Quos
291 3291 407 3363 caelesti,
423 3292 559 3361 Domine,
576 3312 697 3349 munere
710 3291 813 3362 reficio,
828 3292 931 3349 divina
952 3298 1035 3349 tuere
1055 3292 1168 3349 virtute
1178 3312 1187 3365 3
1207 3298 1245 3350 ut
1267 3290 1326 3349 tuis

125 3370 273 3446 mysteriis
288 3371 479 3446 perfruentes,
494 3373 585 3429 nullis
599 3373 764 3430 subdantur
777 3373 915 3431 adversis.
959 3373 1017 3430 Per
1032 3372 1206 3431 Dominum.

548 3603 651 3661 Mrssn
671 3621 729 3661 rao
751 3604 902 3661 Iramms.

189 3680 328 3755 Officiuna.

186 3761 450 3820 Circumdederunt
464 3784 511 3821 me
524 3766 652 3839 gemitus
667 3764 788 3823 mortis:
809 3764 923 3822 dolores
937 3764 1047 3821 inferni
1067 3762 1322 3821 circumdederunt

125 3863 187 3899 me:
210 3849 240 3899 et
254 3844 286 3899 in
300 3844 493 3902 tribulatione
514 3865 579 3902 mea
598 3846 743 3917 invocavi,
760 3853 790 3902 et
811 3845 958 3902 Dominus
979 3844 1134 3902 exaudivit
1156 3844 1193 3901 de
1215 3842 1324 3921 templo

124 3930 225 3980 sancto
240 3944 292 3981 suo
307 3944 407 3981 vocem
423 3945 524 3982 meam.

187 4015 206 4072 I
207 4038 226 4072 n
241 4026 362 4092 terraporc
376 4017 522 4088 Poaclzoli,
537 4018 687 4094 Alleluya,
701 4018 836 4094 alleluya

185 4098 331 4155 Paulinus.

184 4178 316 4255 Diligam
337 4184 374 4250 te,
391 4178 528 4250 Domine,
544 4179 688 4236 fortitudo
709 4199 793 4237 mea:
815 4178 964 4237 Dominus
984 4178 1207 4235 firmamentum
1226 4194 1324 4235 mcum

123 4278 157 4315 ac
171 4259 317 4397 rgfugtium
331 4279 431 4317 meum
445 4266 475 4317 et
488 4259 629 4317 liberator
642 4279 731 4318 meus.

212 4361 228 4395 Τ
290 4385 296 4397 .

185 4361 379 4496 Ordniiotens
392 4422 569 4498 sempiterne
589 4422 680 4494 Deus,
696 4421 775 4480 salus
794 4428 906 4480 aeterna
923 4420 1106 4480 credentium
1115 4439 1125 4493 3
1145 4418 1256 4479 exaudi
1273 4436 1326 4477 noc
