2910 4904
239 287 301 350 158
466 283 491 345 I
488 302 515 346 n
531 281 847 347 Commemoratione
861 282 993 348 Sanctae
1008 281 1200 349 Tnaitatia

238 456 358 510 tuarum
379 449 419 506 N.
444 454 475 505 et
496 447 534 505 N.
554 448 715 507 festivitate
738 450 907 525 gaudemus,
929 449 973 508 ita
994 450 1050 526 piae
1071 450 1239 509 devotionis
1259 450 1408 509 erudiamur
1450 455 1451 458 ’

239 531 353 591 affectu.
397 529 455 586 Per
469 530 640 587 Dominum.

299 618 440 694 Epistola».
482 618 529 674 De
542 617 715 694 virginibus

302 707 435 765 Gradala
479 706 628 764 Dilexisti.

301 788 449 864 Alleluya
499 786 527 844 V.
550 787 747 845 Adducentur
770 787 833 864 regi
851 788 981 865 virgines
1002 794 1069 865 post
1088 807 1172 847 eam:
1200 789 1343 866 proxima
1358 790 1407 867 ejas

237 869 402 928 afferentur
414 867 471 925 tibi
485 866 518 923 in
531 867 643 924 laetitia.

300 956 464 1032 Sequentia.
507 956 618 1013 Mundi
631 961 726 1028 aetate,
742 965 776 1013 at
789 956 824 1013 in
840 955 1005 1017 Communi.

303 1037 502 1112 Eaanpaliara.
546 1036 648 1094 Simile
662 1043 706 1094 est
719 1056 843 1112 regnum
856 1038 993 1095 caelorum
1006 1037 1106 1096 decem
1119 1038 1295 1117 virginibus.

305 1118 495 1192 offertorium.
539 1118 717 1190 Offerentur,
731 1118 838 1176 minas.

301 1198 422 1258 Secreta.

303 1280 421 1356 Accipe,
436 1278 572 1348 Domine,
587 1297 719 1349 munera,
733 1298 798 1355 quse
819 1279 851 1336 in
871 1280 1023 1336 beatarum
1044 1279 1196 1358 virginum
1209 1280 1410 1339 tuemmltst

243 1360 284 1420 N.
300 1360 497 1418 sollemnitate
517 1359 682 1432 deferimus,
699 1379 825 1436 quarum
844 1379 899 1418 nos
920 1360 1094 1419 confidimus
1113 1362 1283 1438 patrocinio
1301 1360 1409 1421 liberari
1447 1428 1452 1449 Ι

243 1442 302 1502 Per
316 1441 487 1498 Dominum

305 1533 482 1593 Communia.
527 1532 665 1607 Quinque
678 1532 845 1607 prudentes.

305 1625 547 1684 Postcommania.

304 1707 454 1782 Pereepta‚
470 1706 607 1776 Domine,
622 1712 802 1763 sacramenta
818 1705 970 1763 vivificent
983 1725 1037 1764 nos
1050 1725 1165 1785 semper
1179 1714 1211 1766 et
1223 1706 1375 1767 muniant:
1390 1712 1414 1765 sl

241 1794 411 1930 {anetarum
435 1787 599 1863 deprecatio
623 1787 772 1864 virginum
799 1792 852 1844 tua
878 1788 964 1844 nobis
987 1788 1152 1847 accumulet
1172 1789 1323 1851 beneficia
1368 1788 1414 1847 Per

276 1888 415 1926 ommum.

486 2048 525 2106 Iu
546 2048 834 2107 Oonnnnonnmone
855 2049 983 2107 Sanora
1003 2049 1189 2110 Tnmrrffls

309 2197 448 2273 offiaam.
490 2195 651 2252 Benedicta
664 2195 705 2253 sit
718 2195 827 2253 Sancta
840 2196 978 2254 Trinitas.

306 2278 348 2337 Ia
362 2288 483 2353 tempore
496 2276 644 2349 Paschali
662 2276 813 2351 Alleluya,
827 2276 963 2353 alleluya

310 2359 418 2418 Oratio.
462 2357 657 2433 Omnipotens
671 2357 849 2434 sempiterne
863 2357 954 2431 Deus,
969 2357 1022 2434 qui
1034 2356 1143 2416 dedisti
1155 2358 1251 2418 nobis.

307 2452 357 2510 Aa
369 2452 516 2509 Romanos
534 2448 588 2526 (ai.
607 2449 720 2528 33-36).

309 2535 336 2592 0
349 2532 477 2590 altitudo
492 2532 666 2590 divitiarum
678 2530 830 2606 sapientise
843 2537 874 2589 et
887 2530 1018 2589 scientiae
1032 2531 1091 2589 Dei
1103 2552 1195 2607 usqae
1207 2531 1251 2590 ad
1268 2530 1331 2611 Ipsi
1344 2526 1419 2607 glab

247 2615 399 2677 insaecula
413 2613 595 2671 saeculorum.
638 2614 746 2669 Amen.

309 2694 359 2753 Ad
374 2693 540 2754 Corinthios
552 2692 589 2769 (2
602 2692 667 2749 aiii.
685 2691 751 2766 13).

308 2777 444 2833 Fratres:
475 2775 580 2832 Gratia
602 2773 725 2830 Domini
752 2772 847 2829 nostri
873 2772 895 2831 J
897 2792 947 2830 esu
976 2772 1097 2845 Christi,
1125 2780 1156 2831 et
1182 2773 1292 2833 calibs
1316 2772 1420 2845 Daiei

247 2855 474 2917 communicatio
496 2854 600 2912 Sancti
613 2854 741 2931 Spiritus
754 2853 794 2911 sit
807 2873 922 2930 semper
934 2873 1002 2912 cum
1016 2855 1152 2914 omnibus
1164 2855 1259 2929 nobis,
1274 2854 1313 2913 In
1325 2850 1419 2913 (lirim

246 2939 272 2998 J
273 2959 324 2998 esu
338 2936 467 2994 Domino
480 2942 589 2992 nostro.

313 3017 445 3075 Gradale.
488 3016 667 3074 Benedictus
681 3035 720 3087 es,
735 3014 871 3074 Domine.

258 3100 287 3159 V.
315 3097 491 3155 Benedicite.

311 3178 460 3253 Alleluya.
509 3177 538 3235 V.
561 3176 740 3235 Benedictus
756 3197 794 3248 es,
811 3176 939 3235 Domine
953 3176 1043 3236 Deus.

311 3259 474 3334 Sequentia.
517 3258 702 3316 Trinitatem.

312 3339 478 3399 Secundam
491 3337 657 3396 Joltanncaa
670 3337 730 3414 (aa.
748 3339 884 3397 tet-eat.
900 3338 945 3411 4).

311 3421 351 3478 In
364 3421 415 3478 illo
429 3426 568 3496 tempore,
584 3419 673 3477 Dixit
685 3419 707 3476 J
708 3439 773 3477 esus
787 3419 938 3495 discipulis
962 3420 1042 3494 suis;
1063 3418 1139 3494 Oum
1152 3418 1269 3479 venerit
1281 3412 1413 3477 Pmtliil

253 3521 342 3579 aeque
356 3503 396 3559 ad
409 3500 647 3571 reminiscamini,
662 3501 732 3576 quia
745 3519 798 3576 ego
811 3501 875 3558 dixi
889 3501 980 3560 vobis.

315 3582 507 3657 Offlrtoriam.
550 3580 727 3639 Benedictus
740 3581 780 3638 sit
794 3582 883 3639 Deus.

312 3662 432 3722 Secreta.
475 3663 636 3735 Sanctifiea,
652 3682 826 3738 quaesumus,
842 3662 970 3721 Domine
984 3661 1074 3721 Deus.

313 3743 463 3818 Praefatio.
507 3745 646 3813 Quicum
661 3742 834 3819 Unigenito.

314 3824 496 3885 Communia.
540 3824 748 3882 Benedicimus
761 3824 868 3882 Deum.

314 3905 553 3964 Pastcornntanio.
605 3904 745 3962 Proficiat
769 3905 862 3977 nobis,
891 3904 1027 3978 Domine,
1056 3924 1152 3981 quare
1177 3904 1280 3965 amaia
1303 3901 1337 3963 ta
1356 3894 1414 3959 M

255 3985 369 4049 santa
384 3986 547 4045 Trinitatis.

392 4249 399 4262 .
504 4167 544 4223 Ia
564 4164 852 4225 Oounuonsrmun
872 4181 913 4224 nn
933 4167 1053 4225 Sanora
1073 4163 1210 4226 Serena.

318 4248 457 4407 gpiiiiiiii
469 4327 592 4386 Domini
614 4327 741 4405 replevit
763 4329 862 4386 orbem
890 4334 1044 4401 terrarum,
1067 4326 1215 4405 alleluya:
1243 4333 1275 4387 et
1295 4326 1349 4387 liae
1365 4310 1422 4403 effi

256 4410 389 4470 continet
402 4410 502 4468 omnia
514 4410 666 4469 scientiam
679 4410 769 4468 habet
781 4409 870 4484 vocis,
883 4409 1019 4487 alleluya,
1034 4409 1170 4486 alleluya,
1185 4408 1323 4487 alleluya.
