2910 4904
316 298 496 382 lbapmeat
510 296 549 382 of
566 320 588 361 a
603 295 723 362 Miscet
736 296 777 381 of
792 295 842 362 the
863 296 922 361 Usa
935 296 975 382 of
990 295 1140 361 Diacola.
1258 296 1320 364 347

194 464 376 539 Sequentia*

234 547 393 603 Precamur
405 551 520 602 nostras
534 547 615 603 Deus
628 545 797 621 animasque
811 544 1001 603 conscientias
1015 543 1102 617 digne
1115 544 1233 616 munda,

234 627 274 684 Et
288 647 367 683 nunc
381 633 481 683 nostra
494 626 629 683 Christus
643 627 763 684 veniens
776 627 862 683 corda
876 627 932 683 sibi
944 626 1078 682 inveniat
1091 632 1200 702 parata.

192 723 386 798 dearmatum
398 708 557 781 sectandam
571 723 743 780 Mattlioeam
759 723 817 796 (ai.
835 723 928 800 2-10)

193 805 232 860 In
252 805 303 861 illo
323 811 462 880 tempore,
485 805 560 862 Cum
580 804 707 861 audisset
728 805 749 862 J
751 804 879 861 ohannes
903 805 935 859 in
956 803 1081 860 vinculis
1102 821 1189 880 opera
1209 801 1320 861 Christi

130 906 222 960 arsque
236 887 277 942 ad
289 886 342 961 qui
355 886 532 961 praeparabit
545 885 624 942 viam
639 891 721 942 tuam
734 890 803 941 ante
816 890 855 941 te.

192 983 385 1135 giardreldiiiildii,
412 1063 549 1135 Domine,
575 1072 683 1121 terram
704 1070 805 1121 tuam:
826 1063 961 1120 avertisti
981 1063 1186 1140 captivitatem
1205 1062 1319 1121 Jacob:

130 1146 271 1203 remisisti
284 1146 472 1220 iniquitatem
485 1146 578 1221 plebis
592 1151 658 1202 tuse.
708 1143 710 1148 ’

190 1242 367 1381 &dicionis
381 1330 487 1380 nostrae
501 1324 565 1395 tibi,
579 1322 715 1393 Domine,
727 1342 902 1398 quaesumus,
914 1322 1009 1379 hostia
1019 1323 1132 1398 jugiter
1142 1321 1319 1392 immoletur,

128 1425 193 1481 quae
208 1412 239 1461 et
252 1406 326 1462 sacri
339 1411 458 1480 peragat
471 1405 609 1462 instituta
622 1405 765 1479 mysterii,
774 1410 804 1461 et
814 1404 941 1461 salutare
951 1410 1037 1461 tuum
1050 1403 1135 1461 nobis
1146 1402 1321 1459 mirabiliter

129 1493 273 1561 operetur.
318 1486 376 1542 Per
389 1485 559 1542 Dominum.

192 1585 375 1643 Continuam.

189 1666 306 1738 Dicite3
341 1665 555 1735 Pusillanimes,
570 1664 784 1734 confortamini,
804 1670 835 1721 et
855 1663 947 1720 nolite
967 1663 1079 1720 timere.
1142 1662 1217 1720 Ecce
1238 1662 1320 1720 Deus

127 1754 227 1805 noster
240 1747 347 1819 veniet,
360 1754 390 1804 et
403 1746 528 1803 salvabit
540 1765 601 1802 nos.

191 1828 433 1885 Postcommuaio.

187 1909 392 1984 ImploramuS,
419 1907 555 1976 Domine,
580 1907 764 1964 clementiam
792 1914 883 1976 tuam,
905 1912 940 1962 ut
969 1905 1029 1963 haec
1053 1905 1155 1962 divina
1170 1905 1282 1982 judicia
1301 1924 1320 1960 a

128 1990 210 2046 vitiis
224 1990 358 2065 expiatos
371 1990 408 2045 ad
421 1989 495 2045 festa
509 1996 636 2045 ventura
649 2008 703 2044 nos
717 1984 888 2063 praeparent.
927 1987 984 2043 Per
998 1985 1162 2043 Dominum
1175 1993 1317 2044 nostrum.

302 2161 401 2217 Fama
422 2176 543 2227 Quaeri
565 2175 597 2216 nv
616 2175 742 2217 sarculo
764 2159 933 2228 Quarruon
952 2160 1134 2218 Tauroaun.

191 2274 214 2331 0
245 2275 328 2331 ciunt.
348 2278 350 2282 ’

190 2277 311 2425 Rldlrate,
326 2355 396 2426 caeli,
413 2354 556 2431 desuper;
579 2361 609 2411 et
629 2354 722 2412 nubes
741 2354 846 2431 pluant
862 2354 998 2430 justum;
1019 2354 1169 2431 aperiatur
1188 2359 1268 2410 tona
1288 2358 1317 2409 et

127 2436 274 2512 germinet
288 2435 477 2492 Salvatorem.

134 2518 161 2574 V.
186 2517 227 2572 Et
237 2516 356 2590 justitia
369 2516 481 2572 oriatur
494 2515 601 2572 simul:
624 2535 676 2590 ego
691 2516 837 2582 Dominus
851 2515 947 2572 creavi
961 2534 1035 2572 eum.

189 2597 300 2668 Gloria,
316 2598 377 2653 sine
391 2596 537 2652 Dominus
550 2597 707 2654 vobiscum.

191 2693 299 2751 Oratio

189 2774 310 2846 Praesta,
333 2793 506 2849 quaesumus,
529 2774 712 2850 omnipotens
733 2774 822 2845 Deus,
845 2780 880 2831 ut
900 2773 1108 2849 redemptionis
1126 2778 1233 2830 nostrae
1251 2791 1319 2830 ven⁴

127 2863 197 2912 tura
217 2855 397 2911 sollemnitas
417 2861 447 2911 et
467 2856 618 2930 praesentis
638 2855 722 2911 nobis
742 2855 818 2911 vitae'
832 2854 962 2911 subsidia
990 2853 1129 2924 conferat,
1151 2859 1182 2911 et
1201 2857 1318 2912 aeternae

126 2935 320 2992 beatitudinis
340 2936 461 3013 praemia
481 2935 630 3010 largiatur.
674 2936 732 2992 Per
752 2935 921 2992 Dominum.

187 3031 283 3088 Lectio
298 3031 408 3104 lepatar
421 3052 441 3088 a
463 3033 589 3105 quodam
612 3030 794 3090 Sabdiccoao
817 3031 936 3089 Anarta
957 3040 983 3088 et
1001 3029 1077 3089 Atta
1097 3030 1201 3090 induto
1221 3051 1317 3090 coram

126 3112 268 3187 praelibas
278 3112 397 3169 Altaria

188 3208 285 3265 Lectio
296 3210 394 3266 Esaiae
407 3209 555 3284 Prophetae
568 3209 616 3286 (ii.
635 3211 709 3286 2-5)

191 3289 228 3345 In
253 3289 355 3346 diebus
375 3290 443 3361 illis,
469 3291 558 3347 Dixit
582 3291 683 3349 Esaias
706 3291 865 3367 propheta:
890 3290 957 3348 Erit
976 3290 1009 3346 in
1029 3289 1196 3347 novissimis
1215 3290 1317 3357 dicbus

127 3391 217 3443 risque
231 3371 272 3425 ad
285 3370 466 3428 ambulemus
479 3371 511 3427 in
524 3371 636 3427 lumine
650 3371 772 3428 Domini
786 3371 844 3428 Dei
856 3371 958 3428 nostri.

190 3465 323 3522 Gradct.

189 3546 296 3602 Tollite
313 3554 421 3622 portae,
439 3548 592 3623 principes
611 3553 723 3605 vestras
734 3568 743 3619 5
768 3555 798 3604 ct
818 3548 972 3605 elevamini
992 3554 1085 3625 portae
1106 3548 1265 3621 aeternales,
1286 3555 1317 3606 et

128 3626 266 3683 introibit
280 3646 332 3682 rex
345 3627 452 3702 gloriae.

133 3708 163 3764 V.
188 3707 262 3776 Quis
283 3708 419 3764 ascendet
441 3709 472 3763 in
493 3714 623 3765 montem
646 3709 784 3765 Domini:
805 3715 858 3766 aut
880 3709 946 3785 quis
966 3709 1059 3767 stabit
1079 3710 1112 3766 in
1133 3709 1196 3768 loco
1216 3716 1317 3768 sancto

127 3789 207 3859 ejus:
234 3789 372 3844 innocens
386 3789 521 3846 manibus
536 3795 566 3845 et
580 3790 689 3846 mundo
702 3790 794 3847 corde.

188 3884 247 3941 Hic
261 3885 370 3942 dicitur
384 3884 529 3942 Dominus
542 3884 699 3942 vobiscum.

190 3981 297 4038 Oratio.

188 4061 316 4133 Festina,
345 4081 520 4137 quaesumus,
553 4062 687 4134 Domine,
716 4082 754 4119 ne
784 4063 946 4121 tardaveris
958 4083 967 4135 3
999 4071 1030 4120 et
1061 4062 1206 4121 auxilium
1232 4063 1317 4121 nobis

126 4161 260 4217 supernae
278 4143 399 4200 virtutis
416 4142 568 4217 impende:
589 4151 624 4199 ut
637 4143 780 4201 adventus
794 4144 840 4200 tui
857 4144 1103 4202 consolationibus
1116 4144 1315 4215 subleventur,

127 4223 180 4298 qui
200 4223 305 4279 intua
324 4225 435 4298 pietate
454 4223 612 4280 confidunt.
656 4225 715 4293 Qui
736 4224 813 4280 vivis
834 4231 865 4282 et
886 4244 990 4302 regnas
1011 4245 1078 4283 cum
1100 4225 1164 4283 Deo
1181 4225 1271 4282 Patre
1284 4224 1317 4282 in

127 4303 244 4360 unitate
258 4305 386 4380 Spiritus
401 4303 502 4361 Sancti
516 4303 603 4360 Deus.
646 4304 704 4362 Per
717 4304 815 4361 omnia
829 4305 932 4363 saecula
945 4305 1124 4365 saeculorum.
1167 4306 1273 4364 Arnen.

577 4432 588 4460 ⁸
610 4430 664 4476 vide
680 4445 759 4491 aspra,
773 4448 796 4491 p.
811 4433 861 4479 303.
