2910 4904
309 308 492 390 Fropntent
506 305 546 390 of
562 328 585 370 o
600 305 721 370 Miseni
736 305 774 390 os
792 304 842 370 1111
864 305 921 370 Uoc
936 305 976 390 os
991 305 1143 371 Lincoln.
1261 308 1324 371 343
1351 397 1353 401 ι

475 746 634 801 Donmma
656 760 749 799 omna
769 761 803 800 in
823 748 986 802 Anvanru.

193 901 368 958 Notandum
388 900 511 974 quodsi
533 899 568 955 in
590 897 726 955 Adventu
748 898 871 955 Domini
896 897 1016 956 Festum
1035 919 1134 957 nocem
1155 899 1324 960 Lectionum

130 983 280 1057 contiperit
297 982 330 1038 in
347 981 510 1051 Dominio,
526 980 560 1035 in
578 980 739 1036 crastinum
752 989 907 1036 reservetur
917 1001 930 1048 ,·
965 979 1067 1036 Gloria
1079 980 1112 1036 in
1130 981 1252 1039 excelsis
1264 1002 1325 1040 non

131 1073 283 1131 contetnr;
303 1062 344 1118 Te
358 1062 455 1118 Deum
476 1061 630 1117 laudamus
648 1060 818 1128 omittotnr,·
839 1069 865 1118 ct
878 1060 913 1117 in
922 1059 984 1136 pne
997 1061 1055 1118 Ioco
1074 1081 1186 1119 nonum
1198 1062 1325 1138 Respon-

130 1145 242 1204 sorium
268 1151 433 1218 repetatnr;
468 1142 516 1198 Ite
539 1142 628 1196 missa
654 1147 698 1197 est
726 1141 901 1198 dimittatur.
957 1140 999 1199 In
1025 1141 1204 1201 dedicatione
1228 1153 1324 1203 tomen

131 1225 264 1283 Ecclesioe
278 1233 461 1298 competenter
474 1243 534 1279 non
547 1222 713 1278 omittimus.

191 1330 240 1386 Ad
254 1329 385 1385 Missam.
430 1327 569 1400 Officium.
1310 1371 1312 1374 ,

191 1410 243 1466 Ad
268 1416 299 1466 te
325 1408 422 1465 levavi
449 1408 578 1465 animam
606 1427 700 1463 meam
723 1429 729 1463 :
772 1407 853 1464 Deus
880 1427 971 1479 meus,
998 1408 1031 1464 in
1057 1414 1088 1465 te
1114 1408 1235 1478 confido,
1262 1427 1323 1468 non

132 1491 321 1549 erubescam:
350 1509 444 1564 neque
466 1488 610 1544 irrideant
631 1508 678 1544 me
700 1488 811 1544 inimici
832 1488 914 1546 mei:
943 1488 1052 1546 etenim
1073 1489 1204 1547 imiversi
1220 1491 1273 1566 qui
1292 1496 1323 1548 te

131 1578 288 1649 expectant
307 1589 368 1626 nou
389 1569 613 1626 confundentur.

189 1668 352 1818 1111111171ῗέ1,
369 1747 505 1817 Domine,
520 1747 688 1803 demonstra
701 1746 793 1802 mihi:
816 1753 846 1804 et
859 1747 978 1805 semitas
991 1753 1058 1805 tuas
1071 1747 1158 1806 edoce
1172 1768 1225 1806 me.

192 1829 294 1887 Gloria
305 1830 396 1885 Patri.
440 1829 523 1884 Sicut
531 1834 602 1884 erat.

189 1927 346 2003 Repetatnr
361 1926 500 2001 Officium.

187 2007 229 2065 In
242 2008 415 2083 Dupliciter
428 2027 492 2064 oero
505 2005 598 2063 Fertis
613 2015 727 2064 tontum
741 2008 859 2066 dicotur
872 2017 914 2066 ter
928 2007 1068 2084 Officium,
1084 2007 1189 2067 addicet
1202 2007 1245 2067 tis
1254 2020 1322 2069 onte
1375 2077 1376 2080 Ἰ

128 2089 230 2147 Gloria
243 2089 335 2159 Patri,
347 2097 372 2145 et
386 2087 470 2145 semei
477 2097 551 2161 post.

188 2187 303 2339 illidi,
330 2267 466 2339 Domine,
495 2266 660 2343 potentiam
686 2277 769 2324 tuam
796 2274 827 2325 11
849 2268 918 2324 veni
932 2289 953 2325 :·
972 2275 1008 2324 ut
1034 2269 1071 2325 ab
1097 2268 1320 2327 imminentibus

125 2356 310 2426 peccatorum
341 2355 509 2405 nostrorum
540 2347 686 2424 periculis,
717 2354 747 2405 te
777 2367 942 2406 mereamur
969 2354 1140 2426 protegente
1169 2350 1252 2426 eripi,
1288 2356 1318 2408 te

128 2430 272 2488 liberante
293 2429 409 2485 salvari.
467 2429 526 2497 Qui
546 2428 622 2484 vivis
642 2435 674 2484 11
694 2448 805 2504 regnas.

187 2524 297 2585 Lectio*
311 2525 448 2601 Epistola
458 2526 533 2582 boati
545 2525 639 2581 Ponti
651 2525 783 2600 Apostoli
792 2527 832 2584 ad
844 2526 991 2584 Ronmnoe
1003 2525 1083 2604 (aiii.
1102 2527 1224 2602 11-14).

129 2608 319 2748 Ohrffliples:
342 2607 471 2664 Scientes
485 2607 555 2682 quia
568 2606 640 2662 hora
653 2612 697 2662 est
711 2627 800 2681 naqrce
812 2607 854 2664 od
865 2607 1024 2663 induimini
1038 2607 1201 2664 Dominum
1213 2608 1235 2666 J
1236 2627 1318 2666 esum

189 2785 322 2843 Graddle.
366 2783 508 2842 Universi
522 2783 574 2859 qui
588 2789 618 2840 te
632 2791 790 2859 expectant
803 2804 864 2841 111
877 2784 1101 2857 confundentur,
1117 2785 1251 2843 Domine.

134 2867 163 2927 V.
187 2867 261 2924 Vias
285 2873 360 2937 1111,
386 2866 522 2937 Domine,
547 2870 632 2921 notas
658 2865 703 2921 sac
725 2865 822 2922 mihi:
857 2873 888 2922 11
910 2866 1029 2924 semitas
1055 2872 1123 2923 tuas
1149 2865 1236 2924 edoce
1261 2886 1315 2924 111,

187 2947 336 3022 Alleluya.

133 3029 161 3087 V.
185 3029 314 3086 Ostende
328 3027 421 3098 nobiS,
445 3027 581 3095 Domine,
605 3026 833 3084 misericordiam
853 3032 955 3084 tuam:
976 3034 1006 3085 et
1026 3027 1154 3086 salutare
1173 3034 1259 3089 tuum
1278 3028 1318 3086 da

187 3109 278 3166 nobis,

188 3205 350 3281 rS'equentia.

247 3286 331 3342 Salus
345 3290 462 3355 aeterna,
476 3284 645 3342 indeficiens
658 3286 762 3343 mundi
775 3286 848 3358 vita,

246 3367 314 3422 Lux
328 3366 512 3440 sempiterna,
527 3373 558 3422 11
570 3365 732 3442 redemptio
744 3387 813 3424 vere
826 3374 937 3440 nostra,

246 3446 411 3504 Condolens
424 3447 552 3504 humana
565 3447 660 3522 perire
674 3447 757 3505 saecla
769 3468 821 3524 per
834 3448 978 3506 tentantis
990 3448 1122 3518 numina,

246 3528 316 3584 Non
330 3527 496 3602 relinquens
510 3527 622 3585 excelsa
636 3529 724 3585 adisti
737 3529 796 3585 ima
810 3529 927 3605 propria
940 3529 1103 3586 clementia.

247 3609 320 3664 Mox
334 3616 386 3663 tua
399 3615 559 3681 spontanea
571 3610 666 3684 gratia
680 3629 828 3665 assumens
841 3610 977 3679 humana,

246 3689 440 3758 Queefuerant
450 3689 564 3764 perdita
573 3689 670 3745 omnia
679 3690 799 3747 salvasti
806 3697 931 3762 terrena,
939 3709 1072 3766 quaerens
1081 3689 1191 3748 mundo
1199 3689 1313 3766 gaudia.

245 3770 290 3825 Tu
304 3770 415 3825 animas
429 3776 459 3826 et
472 3789 591 3846 corpora

246 3851 365 3921 Nostra,
383 3849 506 3922 Christe,
523 3850 617 3926 expia,
630 3857 666 3907 ut
679 3850 824 3926 possideas
837 3849 934 3908 lucida

245 3931 370 3987 Nosmet
383 3930 549 3987 habitacula
562 3953 567 3988 :

244 4012 388 4068 Adventu
402 4012 496 4086 primo
511 4011 652 4086 justifica,

245 4092 283 4147 In
298 4092 422 4148 secundo
436 4112 544 4167 nosque
558 4093 669 4165 libera3

243 4173 289 4230 Ut
303 4192 378 4242 cum,
394 4173 471 4229 facta
484 4173 548 4230 luce
561 4193 675 4248 magna,
687 4171 833 4247 judicabis
847 4174 952 4245 omnia,

243 4253 361 4329 Oompti
383 4253 458 4310 stola
474 4253 645 4331 incorrupta
662 4259 777 4312 nosmet
796 4259 849 4311 tua
867 4255 1077 4330 subsequamur
1096 4273 1166 4312 mox
1189 4253 1313 4332 vestigia

324 4352 497 4410 quocunque
510 4336 581 4392 visa.

282 4437 294 4458 ¹
312 4436 342 4480 In
354 4435 448 4493 margin
459 4435 535 4495 (same
546 4436 630 4498 hand),
640 4439 653 4464 “
662 4435 735 4482 Nulla
744 4434 901 4496 rumoricflct
910 4435 942 4482 ad
949 4411 1097 4482 Maeoniae
1106 4435 1161 4481 oter
