2910 4904
557 262 676 342 Proser.

220 424 283 487 Nec
297 448 356 485 vox
370 429 455 486 corde
470 430 577 486 devota
590 429 774 487 contabescat
788 428 921 505 qualibet
934 427 1053 500 desidia,

220 510 294 586 Ejus
308 515 343 566 ut
356 510 504 586 magnalia
517 510 603 586 culpa
617 509 739 566 silenter
751 509 890 586 tegantur
903 508 984 568 ulla':
1055 509 1057 512 ’
1107 508 1109 514 ’

220 591 316 647 Immo
330 590 432 666 dignas
446 597 581 666 personet
594 591 673 662 odas,

219 672 285 740 Quo
298 670 387 746 digna
400 672 591 728 resolvuntur
603 671 725 747 piacula
787 669 800 694 ⁴

219 752 297 809 Nam
312 752 390 808 idem
401 753 510 809 aethera

198 839 200 842 ’
219 833 260 889 Et
273 840 360 890 terrae
373 833 538 889 machinam

218 913 372 971 Gubernat
385 914 543 989 prudentia
556 914 669 970 virtute
683 913 758 970 Nati
773 913 857 971 socia.

219 994 348 1052 Persona
361 995 439 1051 enim
454 995 534 1052 trina
547 995 655 1071 gaudet
668 1015 728 1051 una
742 995 885 1052 essentia:

216 1075 377 1150 Tripertita
390 1075 526 1131 normula
535 1075 595 1132 fert
605 1075 703 1138 Patris
714 1075 784 1131 Filii
794 1082 825 1132 et
836 1074 937 1132 Sancti
948 1071 1077 1152 Spiritus
1085 1076 1212 1135 nomina.

217 1155 384 1231 Majestatis
397 1157 496 1213 unitas
510 1162 541 1213 et
555 1176 673 1232 compar
685 1156 779 1233 gloria
792 1175 879 1213 sacrae
893 1162 965 1212 sunt
977 1156 1088 1232 copulae
1099 1157 1196 1217 insita.

216 1237 289 1294 Haec
303 1256 355 1312 per
368 1243 515 1293 terrarum
528 1236 600 1294 fides
613 1244 659 1294 est
671 1236 859 1312 promulgata
870 1243 1012 1313 quattuor
1025 1237 1144 1295 climata
1151 1257 1160 1310 ;
1201 1238 1203 1242 ⁴

217 1316 274 1374 Oui
287 1317 418 1374 renitens
431 1317 547 1374 vanitas
560 1317 753 1393 perhorrescit
767 1316 876 1374 inferni
889 1323 1009 1376 tartara.

217 1397 274 1455 sed
288 1406 340 1454 nos
354 1396 409 1455 hac
423 1397 573 1455 dulcisona
587 1398 711 1455 melodia

216 1478 383 1554 Pangamus
395 1477 513 1536 Christo
534 1480 679 1554 praeconia
693 1501 698 1536 :

217 1559 320 1618 Carnis
334 1560 448 1617 sarcina
462 1560 558 1636 posita
572 1560 745 1616 scandamus
759 1566 848 1617 astra‘

554 1728 672 1787 LXXI.

363 1847 426 1924 (Du
446 1847 554 1904 Basra
575 1847 684 1905 Msam
705 1846 868 1926 Vmerus.)

112 1964 225 2039 (Prusa
238 1963 295 2043 od)
309 1963 464 2039 Sequentia
477 1965 515 2021 In
529 1964 583 2022 hac
596 1965 683 2023 laude
696 1965 795 2022 Deum
809 1985 907 2023 meum
921 1966 1055 2025 adorabo.

113 2060 260 2136 Alleluya

173 2153 282 2222 Sanun,
304 2169 407 2209 isarna
427 2152 564 2223 Ouarsm,
587 2153 748 2230 Oinclyta‚

172 2234 263 2291 Porta
276 2233 348 2303 caeli,
365 2234 452 2290 decus
466 2235 552 2312 orbis,
569 2241 599 2290 et
613 2235 761 2310 virginum
775 2254 891 2309 gemma
904 2234 1034 2310 pulchra,

172 2313 271 2390 Atque
286 2315 415 2371 Domina
425 2314 603 2390 angelorum,
620 2322 650 2371 et
664 2335 752 2371 aurea
765 2315 844 2371 clara
857 2316 942 2387 scala,

173 2395 230 2452 Per
244 2415 331 2471 quam
346 2395 440 2452 fidelis
454 2415 581 2471 superna
594 2395 655 2452 laeti
669 2397 815 2452 scandunt
827 2396 935 2471 gaudia
949 2417 954 2453 :

173 2476 244 2545 Quae
259 2476 320 2532 sola
333 2482 430 2532 exstas
444 2483 510 2552 post
525 2477 677 2533 Christum
690 2496 755 2552 spes
769 2487 870 2533 nostra
883 2476 1067 2534 sanctissima
1081 2498 1086 2534 :

172 2557 213 2613 Te
227 2557 344 2632 agmina
357 2557 547 2632 caeli-semper
562 2558 721 2614 Dominam
735 2557 910 2615 benedicant
918 2577 926 2629 ;

172 2637 211 2695 Te
224 2657 284 2696 vox
298 2638 394 2695 omnis
407 2638 530 2713 pulchra
539 2639 602 2714 jam
616 2638 759 2716 glorificet
773 2639 848 2715 per*
876 2663 895 2702 a
957 2664 976 2701 a
1038 2662 1056 2715 a
1119 2663 1138 2702 s

540 2817 677 2874 LXXII.

170 2961 185 2992 s
229 2959 243 2992 a
289 2959 303 2991 a
349 2961 363 2992 s
410 2960 425 2992 a
449 2955 538 2992 aurea
552 2935 614 2992 ciali
628 2935 739 3011 pandat
752 2941 833 2992 astra

170 3014 265 3071 Nobis
277 3035 402 3073 corusca.
444 3016 549 3074 Amen.

170 3094 246 3152 Fiat.

529 3207 698 3285 Lxxru„

168 3316 217 3372 Dn
238 3316 434 3375 Vassnnnoo
455 3319 581 3376 Ouursm
604 3318 686 3374 Frnu
708 3317 862 3375 Barmsm
882 3318 1041 3376 Jounuuu.

108 3411 255 3489 Alleluya.
552 3403 555 3410 ¹

45 3507 189 3564 EstLTA
209 3522 329 3580 omaus,
345 3525 468 3565 narnus
488 3525 596 3579 ranan,
611 3517 637 3564 et
657 3518 755 3578 cetero,
770 3516 803 3565 ut
821 3529 912 3584 aspro
932 3508 1002 3583 (No.
1023 3507 1162 3585 XXVI.)

64 3599 128 3656 The
148 3606 208 3657 two
221 3601 372 3677 following
392 3622 478 3677 peges
498 3602 530 3657 in
550 3601 601 3658 tho
623 3601 869 3674 MS.,180oerso
889 3601 948 3659 and
971 3602 1026 3658 181
1049 3611 1132 3673 recto,
1153 3621 1202 3658 are

39 3680 117 3750 ank3
138 3681 188 3737 the
209 3682 330 3757 writing
343 3682 452 3758 having
472 3684 545 3738 been
566 3682 677 3739 erased.
722 3681 805 3738 Folio
828 3682 882 3739 181
905 3702 984 3740 verso
1004 3683 1157 3739 continues
1170 3701 1203 3738 as

50 3759 166 3818 follows
179 3783 227 3820 :—

529 3843 679 3901 LXXIV.

84 3949 100 3980 *
165 3949 180 3980 *
246 3949 261 3981 ss
326 3949 341 3980 ²l‘
406 3947 421 3979 ΞΥ
486 3949 501 3980 ἡ

246 4028 260 4060 s:
325 4028 340 4060 s
407 4029 422 4061 a
486 4005 603 4080 agmina

85 4085 201 4154 Quibus
215 4090 259 4141 est
273 4085 399 4155 claritas,
414 4085 540 4154 bonitas,
554 4105 614 4161 pax
627 4085 676 4161 pia
689 4105 743 4162 per
755 4085 840 4144 saecla
851 4106 861 4159 ;

84 4165 152 4222 Rex
165 4185 269 4241 regum
282 4165 429 4222 Dominus
439 4165 545 4242 gaudia
558 4168 691 4224 tribuens
704 4186 813 4225 aurea:

62 4286 74 4309 ⁵
87 4286 139 4329 Tho
153 4289 202 4330 two
216 4299 290 4341 peges
307 4287 431 4342 following
445 4287 470 4330 in
486 4287 527 4331 the
542 4286 605 4342 Ma,
616 4287 682 4345 folio,
698 4288 741 4332 178
752 4301 814 4333 verso
828 4286 876 4331 and
887 4287 934 4331 179·
943 4293 1012 4343 recto,
1022 4287 1083 4332 have
1093 4284 1152 4346 only
1161 4287 1202 4332 the

38 4345 101 4389 isical
119 4345 233 4388 notation.
272 4345 324 4388 Tha
341 4346 427 4389 Prosus
442 4345 504 4389 have
519 4350 561 4391 not
576 4346 637 4390 boen
652 4346 749 4390 written
763 4346 795 4391 in.
838 4345 907 4392 Fullo
922 4346 965 4391 179
981 4359 1044 4392 verso
1054 4358 1201 4391 commences

38 4405 60 4448 :h
71 4405 111 4450 tho
123 4403 187 4448 close
198 4402 222 4446 of
237 4402 277 4448 the
288 4403 419 4464 Sequanos,
430 4404 487 4448 hero
498 4403 630 4449 numbered
640 4404 746 4450 LXXII.
1181 4435 1184 4438 ·
1194 4435 1197 4439 -
