2910 4904
635 320 732 386 Festo
754 320 956 388 Novembris.

507 486 579 545 Sina
591 486 683 563 signis
696 486 872 561 illustratur,

509 567 621 625 (laelum
634 568 691 624 sibi
704 567 848 643 gloriatur

548 648 632 705 Addi
645 649 724 705 sidus
738 662 867 707 aureum.

507 728 610 805 Virgo,
625 729 706 786 sidus
719 729 891 800 honestatis,

508 809 581 866 Dux
595 814 625 866 et
638 809 725 866 decus
739 811 902 885 probitatis,

509 889 621 947 Christi
633 909 698 947 reos
712 890 874 965 majestatis

549 971 666 1027 Christo
681 971 842 1028 reconcilia.

508 1050 572 1108 Vas
585 1052 742 1121 virtutum,
757 1051 807 1108 via
824 1071 947 1123 morum,

509 1129 577 1189 Flos
590 1132 695 1204 odoris,
711 1132 782 1189 odor
794 1132 908 1202 florum,

510 1211 574 1269 Nos
588 1218 679 1283 tuere,
695 1232 748 1270 nos
763 1212 898 1270 caelorum

551 1293 689 1350 Transfer
701 1293 739 1349 ad
753 1293 869 1369 palatia.

267 1389 467 1465 Eoomelium.
510 1391 611 1449 Simile
625 1398 670 1449 est
683 1412 806 1469 regnum
820 1393 956 1450 caelorum
969 1392 1114 1452 thesauro.

270 1470 461 1544 Offertoriune.
504 1472 588 1529 Filiae
601 1492 711 1549 regum.

269 1551 390 1610 Secreta.

269 1633 404 1704 Munera,
421 1633 556 1705 Domine,
572 1635 724 1709 praesentis
737 1635 878 1706 sacrificii,
893 1655 959 1711 quae
979 1635 1036 1692 tibi
1056 1633 1204 1693 offerimus
1217 1635 1250 1691 in
1263 1632 1408 1693 honorem

209 1719 316 1773 sanotae
331 1714 505 1770 Katharinae
519 1715 650 1790 virginis,
668 1715 743 1772 fiant
760 1717 844 1773 nobis
861 1717 923 1792 ejus
940 1717 1075 1793 precibus
1088 1716 1152 1773 vite
1164 1721 1316 1792 perpetua,
1330 1719 1362 1773 et
1374 1718 1411 1773 tc

209 1794 347 1866 donante,
362 1794 440 1851 salus
452 1794 577 1852 infinita.
620 1796 679 1853 Per
692 1797 861 1853 Dominum.

270 1873 450 1933 Communis.
494 1875 595 1932 Simile
608 1882 653 1933 est
665 1896 788 1953 regnum
802 1878 946 1935 caelorum.

269 1955 511 2012 Posteommunio.

271 2034 410 2111 Sumptis,
425 2035 562 2108 Domine,
580 2036 683 2094 salutis
706 2044 821 2095 aeternae
843 2039 991 2114 mysteriis
1012 2038 1183 2115 suppliciter
1205 2038 1409 2115 deprecemur,

209 2121 244 2175 ut
265 2117 358 2172 beatae
377 2116 560 2189 Katherinae,
582 2117 705 2195 virginis
724 2125 755 2176 et
774 2120 913 2195 martyris
932 2127 1001 2192 tuae,
1025 2121 1119 2178 oratio
1140 2127 1262 2179 cunetas
1283 2139 1302 2179 a
1322 2116 1411 2177 nobis

210 2196 381 2273 iniquitates
395 2197 529 2274 expellat.
572 2197 637 2256 Per,

501 2424 613 2482 Ssucrr
634 2423 716 2496 Lurr,
739 2439 830 2482 earn.
876 2423 927 2504 (vi.
943 2425 1013 2484 Kal.
1029 2424 1114 2502 Dec.)

273 2560 411 2638 Offieiwn.
455 2563 632 2621 Sacerdotes

272 2643 379 2702 Oratio.
423 2642 543 2716 Praesta,
560 2663 734 2719 quaesumus.

270 2724 410 2800 Epistola.
453 2724 475 2782 J
476 2731 574 2782 ustum
589 2724 713 2781 deduxit
725 2724 880 2799 Dominus.

273 2804 406 2863 Grodole.
450 2804 525 2862 Eece
538 2804 677 2861 sacerdos.

270 2885 418 2961 Alleluya.
466 2886 497 2943 V.
519 2885 610 2942 Posui
623 2885 812 2960 adjutorium.

270 2966 469 3040 Ecereyeliuna
511 2965 644 3040 Vigilate
658 2965 727 3040 quia
741 2966 866 3023 nescitis.

273 3044 465 3119 Offertoriune.
508 3046 617 3102 Inveni
630 3045 736 3103 David.

276 3125 456 3186 Communia
500 3126 637 3199 Domine,
653 3127 791 3202 quinque.

430 3318 544 3376 MODUS
564 3333 705 3374 FINIENDI
727 3332 893 3375 coemeras
915 3333 972 3375 SEU
992 3317 1176 3375 Onerrom

372 3454 432 3512 Per
444 3454 608 3512 Dominum
622 3453 710 3524 dicas,
725 3452 883 3512 siPctrem
892 3452 1038 3528 meebyter
1050 3473 1139 3522 oron

372 3535 408 3593 Si
422 3534 572 3594 Christum
585 3554 726 3604 memores,
744 3534 803 3591 Per
817 3534 942 3591 eundem
956 3534 1048 3592 dicere
1064 3535 1145 3592 debes
1152 3556 1166 3603 ;

372 3615 408 3673 Si
422 3616 545 3690 loqueris
560 3614 683 3685 Christo,
699 3615 759 3684 Qui
773 3616 858 3685 vivis,
872 3615 943 3672 seire
956 3623 1093 3673 memerato
1102 3637 1117 3685 ,·

376 3696 435 3764 Qui
448 3703 554 3766 tecum,
568 3697 595 3753 si
608 3697 647 3753 sit
658 3696 774 3753 colleclae
785 3695 861 3769 finis
874 3695 908 3753 in
922 3695 983 3771 ipso
992 3716 1006 3764 ,·

373 3776 408 3834 Si
420 3797 555 3835 memores
565 3775 687 3851 flamen,
704 3776 844 3852 Ejusdem
859 3774 907 3833 elie
922 3796 1013 3852 prope
1025 3778 1142 3851 βω,-

374 3856 433 3914 Dic
448 3858 487 3914 In
501 3877 559 3933 qua
572 3857 657 3927 vivis,
673 3877 738 3914 euni
752 3857 857 3915 mentio
864 3859 904 3930 fit
922 3856 1099 3925 Pessimi&

373 3938 525 4014 Expellam
538 3936 681 3995 Salonam
695 3939 776 3995 dices
789 3938 823 3994 in
829 3940 892 4012 fine
906 3936 965 3995 Per
978 3938 1084 4015 ignem.
1148 3968 1151 3973 ·

371 4189 440 4247 Hoc
454 4193 498 4246 est
511 4187 629 4260 nescire,
644 4188 707 4245 sine
719 4187 837 4245 Christo
850 4187 978 4263 plurima
991 4188 1082 4260 scire;

371 4271 404 4328 Si
418 4269 569 4328 Christum
582 4269 656 4326 bene
670 4268 734 4341 scis,
749 4270 820 4327 satis
833 4275 878 4328 est
891 4269 918 4326 si
931 4276 1027 4327 cetera
1040 4268 1161 4327 nescis·

303 4463 318 4490 s
333 4460 396 4507 Here
405 4460 431 4506 in
441 4459 485 4506 Ed.
495 4458 507 4505 1
517 4457 601 4507 follow
610 4455 651 4504 the
660 4458 675 4486 ‘⁶
685 4456 893 4506 concursationes
899 4456 963 4504 circs
973 4456 1073 4504 Missam
1080 4456 1094 4481 ”
1102 4454 1162 4517 (vol.
1172 4454 1230 4517 i.,12
1239 4452 1302 4517 xlv).
