2910 4904
617 305 713 372 Fato
733 305 838 372 Juttt.

531 472 588 532 Oui
600 471 732 530 fructum
746 473 881 546 eontulit,

569 553 612 611 Et
624 553 666 611 sio
678 553 793 610 luctum
807 553 931 613 abstulit

570 633 683 692 Divina
695 634 859 694 clementia.

530 714 711 774 Patriarchis
724 713 805 774 editu

567 797 661 854 Anna
673 795 738 853 luce
751 796 876 873 praedita

569 877 610 934 In
622 876 746 954 perenni
758 877 861 954 gloria,

530 958 739 1034 Deprecamur‚
753 957 874 1034 inclyta,

570 1039 618 1097 Ut
632 1045 751 1115 pertua
764 1040 870 1096 merita

570 1119 666 1177 Nobis
680 1119 768 1176 detur
780 1120 884 1197 gratia.

528 1200 630 1271 Anna,
646 1219 752 1277 parens
764 1200 831 1259 labe
844 1220 953 1276 carens,

570 1280 694 1338 Rubens
706 1300 773 1339 rosa
786 1282 923 1358 speciosa,

571 1361 693 1419 Florens
706 1363 786 1420 inter
798 1362 869 1420 lilia.

531 1441 661 1500 Matrem
675 1443 787 1500 Christi
800 1443 947 1520 genuisti:

568 1523 631 1580 Tua
645 1543 730 1600 prece
742 1543 797 1582 nos
807 1544 825 1582 a
837 1544 908 1583 nece

571 1603 692 1661 Tuearis
705 1605 803 1663 noxia.

531 1685 606 1742 Ecce
619 1685 693 1742 lueis
707 1685 831 1758 officina,

570 1765 673 1842 AEgm's
687 1785 753 1842 spes
767 1772 797 1824 et
809 1766 965 1841 medicina,

571 1846 634 1903 Tua
648 1847 744 1923 proles
758 1853 802 1905 est
815 1849 926 1925 regina,

611 1927 651 1984 In
664 1927 774 1986 caelesti
787 1929 890 2005 patria

532 2007 603 2084 Ipsa
617 2008 731 2066 cunctis
740 2009 804 2084 jum
818 2010 940 2085 praelata

569 2088 630 2146 Per
642 2094 673 2147 te
687 2109 805 2147 sumens
818 2091 880 2148 haec
894 2096 1021 2167 precatu,

572 2169 686 2227 Nostra
699 2170 752 2228 fiat
766 2169 908 2229 advocata

611 2250 650 2306 In
664 2250 723 2308 Dei
737 2251 901 2328 praesentia

186 2355 389 2431 Evocadum.
433 2353 535 2412 Simile
550 2360 594 2412 est
607 2375 730 2433 regnum
744 2357 882 2415 caelorum
896 2356 1035 2415 thesauro
1048 2357 1225 2415 abscondito.

189 2436 384 2513 Offirtorium.
428 2435 546 2493 Diffusa
560 2441 605 2494 est
617 2437 721 2514 gratia.

186 2518 309 2578 Secreta.

188 2600 285 2676 Super
296 2598 358 2670 has,
375 2616 548 2673 quaesumus,
562 2597 699 2669 Domine,
714 2597 885 2670 oblationes,
900 2617 965 2674 quae
979 2599 1012 2655 in
1025 2599 1198 2656 memoriam
1211 2599 1330 2657 sanetis-

126 2681 210 2739 simae
223 2683 323 2736 Annae
337 2678 441 2735 matris
460 2679 636 2735 beatissimae
650 2679 775 2756 virginis
798 2680 950 2756 genitricis
972 2679 1120 2756 unigeniti
1139 2680 1186 2737 tui
1206 2679 1329 2737 Domini

125 2761 224 2820 nostri
244 2765 460 2830 consecrantur,
476 2764 507 2817 et
530 2765 614 2816 tuam
638 2760 755 2818 effunde
775 2760 1018 2833 benedictionem,
1040 2767 1071 2818 et
1089 2781 1142 2836 per
1163 2781 1211 2819 eas
1231 2762 1330 2819 tribue

125 2842 214 2900 nobis
234 2841 366 2899 cordium
389 2840 623 2917 purificationem
646 2846 676 2898 et
700 2861 858 2899 munerum
881 2841 1042 2899 caelestium
1063 2842 1327 2919 participationem.

126 2923 188 2983 Per
200 2922 335 2981 eundem.

187 3002 371 3064 Corunuae‘o.
415 3002 518 3059 Simile
532 3008 576 3060 est
591 3021 716 3079 regnum
730 3003 868 3061 caelorum
881 3002 1027 3061 thesauro.

187 3083 430 3143 Postcommuac'o.

186 3166 316 3242 Sumpta
345 3171 535 3234 sacramenta,
565 3184 740 3240 quaesumus,
768 3164 904 3236 Domine,
930 3165 1132 3224 intercedente
1158 3165 1328 3223 beatissima

124 3248 220 3305 Anna
246 3251 342 3304 matre
369 3244 500 3322 gloriosae
520 3246 671 3322 genitricis
699 3246 859 3323 Unigeniti
886 3245 958 3302 Filii
983 3247 1038 3318 tui,
1063 3267 1117 3304 nos
1141 3246 1179 3304 ab
1199 3247 1329 3305 hostium

125 3328 290 3386 defendant
303 3327 461 3385 formidine
476 3332 506 3383 et
519 3333 637 3384 aeternae
651 3328 755 3384 mortis
769 3327 975 3385 amaritudine.
1019 3327 1078 3385 Per
1091 3327 1224 3386 eundem

216 3505 345 3564 Seuera
365 3505 519 3578 Maurum,
540 3521 678 3563 vinorum
699 3522 761 3563 nou
782 3521 942 3565 niarium.
987 3505 1037 3584 (vi.
1054 3505 1125 3565 Kal.
1140 3505 1235 3584 Aug.)

188 3622 330 3698 Officium.
372 3622 503 3680 Vultum
516 3628 611 3680 tuum.

188 3705 298 3763 Oratio.
342 3704 536 3779 Omnipotens
550 3705 727 3780 sempiterne
742 3704 831 3762 Deus.

187 3785 334 3844 Memoria
347 3785 382 3843 de
396 3785 435 3840 M
432 3785 588 3859 urtyrdbus.

186 3866 329 3943 Epistola.
373 3866 434 3935 Qui
446 3866 597 3942 gloriatur.

189 3947 323 4007 Grudulc.
366 3946 541 4023 Adjuvabit.

187 4029 337 4104 Alleluya.
386 4027 415 4086 V.
430 4026 579 4084 AEmulor.

185 4109 349 4185 Sequentia.
392 4108 523 4185 Virginis
538 4108 719 4180 venerandae,
735 4117 768 4165 ut
782 4109 816 4165 ia
831 4107 997 4166 Communi.

184 4190 387 4266 Evaupdium.
420 4189 553 4246 Intravit
564 4189 586 4247 J
587 4208 652 4246 esus
663 4189 695 4246 in
706 4190 854 4265 quoddam
864 4189 1025 4263 castellum,
1036 4208 1133 4264 quere
1140 4189 1175 4248 iu
1184 4189 1323 4267 Assump-

127 4273 203 4332 tc‘oue
217 4273 304 4331 beuter
317 4270 432 4329 Muar'ae.

188 4352 381 4427 offer-adum.
426 4351 604 4424 Offerentur,
620 4351 727 4411 minus.

187 4433 370 4494 Commutato.
413 4432 529 4491 Diffusa
543 4438 588 4490 est
600 4433 705 4511 gratia.
