2910 4904
126 302 188 365 148
339 300 387 365 Ia
400 298 523 365 Natali
536 298 644 365 unius
661 299 862 385 Ooafcssoris
876 307 905 366 et
918 298 1104 386 Pontificis.

186 466 366 527 Coeamuaio.

184 548 271 606 Beati
293 548 404 605 mundo
425 549 519 618 corde,
541 547 679 624 quoniam
698 546 757 623 ipsi
783 547 881 604 Deum
902 546 1063 604 videbunt:
1090 546 1172 604 beati
1191 546 1319 623 pacifici,

124 630 263 705 quoniam
292 630 347 687 filii
377 629 435 686 Dei
462 630 664 686 vocabuntur:
697 628 779 685 beati
811 628 864 704 qui
895 627 1125 703 persecutionem
1158 628 1321 704 patiuntur

124 716 244 786 propter
252 710 411 786 justitiam,
425 709 566 785 quoniam
580 710 710 784 ipsorum
723 715 768 766 est
781 727 905 784 regnum
918 708 1063 766 caelorum.

185 790 425 848 Poatcommunio.

185 871 298 928 Praesta
321 870 414 939 nobis,
441 887 617 944 quaesumus,
640 869 776 941 Domine,
795 868 1043 927 intercedentibus
1056 868 1166 927 sanctis
1187 870 1261 943 tuis,
1286 878 1322 929 nt

126 971 190 1027 quae
204 970 254 1008 ore
268 951 453 1026 contigimus,
469 969 544 1026 pura
557 955 656 1007 mente
670 951 825 1026 capiamus.
868 950 927 1009 Per
940 950 1110 1009 Dominum.

323 1171 371 1229 ΙΝ
391 1171 423 1227 N
424 1184 515 1228 aram
535 1186 629 1228 uiuus
651 1168 854 1228 Oorrnssoms
874 1186 912 1227 rr
933 1170 1117 1229 Pourrrrcrs.

190 1269 329 1345 Officium.

188 1350 359 1410 Sacerdotes
371 1349 426 1419 tui,
444 1348 580 1417 Domine,
595 1348 760 1404 induantur
768 1348 926 1424 justitiam,
938 1354 968 1406 et
982 1349 1078 1406 sancti
1089 1350 1137 1407 tui
1150 1350 1324 1409 exsultent:

126 1437 246 1509 propter
261 1429 359 1487 David
373 1449 493 1487 servum
505 1435 592 1485 tuum
605 1448 665 1486 non
678 1438 794 1486 avertas
807 1429 912 1486 faciem
925 1429 1037 1488 Christi
1049 1431 1103 1487 tui

187 1511 333 1569 Paclmus.

188 1593 349 1661 Memento,
364 1590 501 1661 Domine,
517 1589 635 1647 David:
656 1596 686 1646 et
700 1590 795 1647 omnis
807 1590 1043 1648 mansuetudinis
1056 1592 1128 1667 ejus.

187 1673 282 1730 Aliud
297 1671 435 1746 Officium.

189 1753 302 1811 Statuit
316 1753 343 1809 ei
356 1752 503 1808 Dominus
524 1756 735 1807 testamentum
756 1751 852 1827 pacis:
873 1757 904 1809 et
916 1752 1079 1829 principem
1095 1752 1167 1811 fecit
1180 1772 1270 1812 eum:
1290 1758 1327 1811 ut

129 1836 168 1892 sit
181 1835 227 1891 illi
240 1833 393 1891 sacerdotii
407 1831 536 1908 dignitas
549 1831 582 1887 in
596 1837 745 1888 aetornum.

190 1913 367 1989 Intempesta
381 1911 528 1983 Pascbali,
543 1912 691 1987 Alleluya,
707 1912 840 1987 alleluya.

190 1994 335 2052 Psabmaa.

190 2073 408 2132 Misericordiae
423 2073 564 2130 Domini:
584 2073 617 2128 in
632 2078 775 2129 aeternum
788 2075 920 2132 cantab0.

190 2155 285 2213 Aliae
300 2153 439 2229 Officium.

192 2237 233 2295 Os
248 2237 327 2312 justi
345 2234 538 2292 meditabitur
558 2233 750 2309 sapientiam:
770 2240 801 2291 et
813 2233 915 2311 lingua
928 2235 992 2311 ejus
1005 2234 1143 2312 loquetur
1158 2236 1326 2313 judicium:

131 2320 181 2376 lex
195 2318 254 2384 Dei
266 2318 330 2393 ejus
343 2316 376 2372 in
390 2316 475 2373 corde
488 2314 589 2390 ipsius.

191 2398 336 2455 Psalmas.

193 2479 265 2536 Noli
287 2474 419 2534 aemulari
444 2476 477 2532 in
499 2476 748 2552 malignantibus:
775 2495 871 2552 neque
894 2476 1033 2534 zelaveris
1054 2476 1196 2537 facientes
1216 2477 1326 2557 iniqni-

133 2565 234 2618 tatem.

194 2640 288 2697 Atiae
303 2637 441 2713 Officium.

194 2722 233 2778 In
246 2720 342 2777 medio
355 2717 481 2775 ecclesiae
501 2718 617 2793 aperuit
633 2737 664 2774 os
678 2718 757 2793 ejus:
779 2724 809 2775 et
824 2719 962 2795 implevit
976 2738 1043 2777 eum
1056 2719 1206 2779 Dominus
1218 2720 1325 2797 spiritu

135 2802 285 2878 sapientiae
299 2805 330 2857 et
342 2798 509 2855 intellectus
522 2820 528 2855 ε
550 2799 626 2854 stola
637 2797 737 2874 gloriae
750 2798 849 2855 induit
862 2820 936 2859 cum.

195 2881 237 2939 Ia
251 2891 372 2956 tempore
384 2879 531 2951 Pescltalt',
545 2878 694 2954 Alleluya,
710 2879 843 2955 alleluya.

196 2963 339 3020 Psalmus.

195 3045 217 3102 J
219 3041 418 3100 ocunditatem
431 3045 462 3096 et
475 3038 702 3097 exsultationem
715 3039 925 3098 thesaurizavit
938 3060 1025 3117 super
1038 3061 1114 3100 eum.

199 3122 337 3198 Officium.

198 3204 366 3261 Sacerdotes
392 3202 455 3277 ejus
481 3201 644 3257 induantur
672 3200 812 3258 salutari:
847 3208 877 3259 et
907 3202 1002 3260 sancti
1034 3204 1097 3279 ejus
1130 3204 1323 3263 exsultatione

138 3285 336 3343 exsultabunt.

197 3365 238 3423 In
252 3374 373 3439 tempore
386 3362 530 3432 Pascbali,
546 3361 696 3437 Alleluya,
711 3362 847 3438 alleluya,

199 3444 363 3503 Prolatus„

199 3527 360 3595 Memento,
376 3524 512 3595 Domine,
527 3522 644 3579 David:
665 3529 695 3580 et
709 3525 803 3580 omnis
817 3525 1049 3583 mansuetudinis
1061 3527 1132 3604 ejus

201 3607 340 3682 Officium.

200 3686 369 3746 Sacerdotes
399 3685 466 3754 Dei,
495 3684 658 3741 benedicite
691 3685 871 3743 Dominum:
903 3687 998 3744 sancti
1023 3694 1054 3745 et
1079 3687 1209 3747 humiles
1234 3688 1322 3759 corde,

140 3770 258 3828 laudate
273 3769 377 3825 Deum

198 3850 240 3907 In
254 3859 375 3924 tempore
388 3844 533 3918 Paschali,
549 3845 698 3921 Alleluya,
713 3846 848 3922 alleluya

200 3930 346 3988 Psalmus.

201 4010 371 4070 Benedicite
394 4006 492 4065 omnia
514 4026 602 4083 opera
624 4006 747 4063 Domini
766 4008 912 4066 Domino:
940 4009 1057 4069 laudate
1070 4016 1102 4069 ct
1114 4012 1325 4089 superexaltato

141 4114 207 4152 eum
222 4094 255 4150 in
269 4090 381 4148 saecula.

203 4172 313 4232 Oratio.
1034 4238 1038 4249 ἱ

201 4255 258 4325 Da,
275 4269 452 4329 quaesumus,
474 4249 659 4325 omnipotens
679 4250 770 4322 Deus,
783 4257 819 4308 ut
839 4252 918 4309 beati
931 4251 969 4309 N.
986 4252 1157 4311 confessoris
1176 4252 1226 4311 tui
1244 4258 1328 4329 atque

140 4336 287 4474 {ontificis
302 4332 470 4391 veneranda
484 4330 663 4390 sollemnitas
683 4338 714 4389 et
734 4332 920 4391 devotionem
932 4334 1017 4392 nobis
1034 4340 1142 4413 augeat
1153 4340 1185 4394 et
1197 4334 1326 4395 salutem.

167 4437 206 4474 er.
