2910 4904
135 235 175 294 18
576 230 673 296 Festa
693 230 884 296 Februarii.

130 396 352 453 immundorum
366 398 490 472 repellat
504 397 663 473 spirituum
681 398 841 455 falsitatem
853 418 861 470 3
883 404 913 455 et
923 399 1091 476 quicunque
1100 399 1162 458 haec
1172 400 1332 458 luminaria

130 479 235 534 devote
253 480 441 555 susceperint,
452 478 493 535 sic
501 485 672 535 mereantur
685 479 797 555 perfrui
810 480 923 550 laetitia,
940 482 1080 556 quatinus
1093 481 1212 538 obviam
1225 500 1331 556 sponso

129 564 283 635 pergentes
297 565 327 616 et
347 559 549 636 lampadarum
570 559 681 616 lumine
696 560 882 635 splendentes
896 561 934 617 ad
947 563 1068 637 nuptias
1082 568 1223 619 venturas
1237 563 1270 618 in
1284 562 1332 618 die

125 640 232 715 judicii
245 639 363 696 valeant
377 640 530 716 pervenire
545 660 611 697 cum
626 659 731 716 sponso
747 641 915 717 gaudentes
960 642 1018 699 Per
1032 643 1158 700 eundem
1177 643 1332 701 Christum

130 721 303 779 Dominum.

192 802 275 858 Tcenc
326 803 524 859 accenduntur
575 802 677 858 condet
700 847 706 859 .
792 800 869 882 [MS.
906 803 1101 862 D.—Deincle
1136 813 1333 880 asperguntur

130 881 270 957 Sequitur
297 881 469 958 Antiphonti
497 903 563 939 ceun
590 883 709 939 Psalmo
751 883 875 940 cundelee
899 905 979 958 uquu
999 885 1145 943 benedicte
1169 895 1194 943 et
1218 885 1332 960 tlture'fi-
1411 940 1414 945 .

129 965 262 1021 cociendo
292 964 457 1039 subscripto.
509 964 592 1019 Dum
619 984 714 1020 uccen-
754 973 861 1023 centur.
905 965 1010 1022 Postea
1024 967 1221 1024 accenduntur
1234 975 1261 1024 et
1274 967 1333 1024 ‹lis-

128 1047 244 1102 duntur
272 1044 398 1102 curedelce
434 1043 597 1120 incipietur
628 1045 714 1102 Arcti·
751 1045 930 1116 tribuentur,
953 1045 1121 1104 Succentore
1149 1048 1332 1104 Vicoriorum

124 1126 234 1202 pliona.
748 1126 782 1182 in
792 1127 874 1183 stello
885 1147 937 1184 suo
945 1125 1331 1207 incipienteAntiphomrnn]

190 1219 306 1274 Lumen
320 1218 357 1274 ad
371 1217 580 1274 revelationem
594 1219 735 1294 gentium,
752 1225 782 1276 et
795 1219 920 1294 gloriam
933 1220 1027 1296 plebis
1041 1227 1100 1278 tuae
1115 1221 1217 1278 Israel.

190 1300 238 1356 Ps.
262 1299 352 1355 Nunc
366 1299 493 1356 dimittis
514 1318 632 1356 servum
653 1308 739 1356 tuum
754 1300 882 1357 Domine
899 1322 904 1358 :
929 1302 1088 1358 secundum
1104 1303 1229 1359 verbum
1243 1309 1331 1360 tuum

129 1380 161 1436 in
175 1400 253 1456 pace.

188 1461 257 1518 Ant.
301 1460 423 1517 Lumen.
473 1460 501 1517 V.
526 1459 604 1528 Quia
617 1459 765 1532 viderunt,
782 1469 807 1518 et
821 1470 919 1519 cetero.

188 1541 315 1598 Interim
344 1539 563 1598 distribuuntur
581 1540 705 1598 cuotdeloe
801 1539 877 1620 [MS.
896 1542 1124 1618 D.-Sequutur
1138 1544 1174 1602 ub
1187 1553 1332 1604 executore

122 1632 279 1698 pertotucn
289 1621 423 1681 Cleonem.
747 1624 832 1696 officii
856 1625 896 1680 od
917 1626 1045 1698 produnt
1066 1624 1181 1683 Altaria
1199 1646 1331 1684 econverso

749 1705 790 1760 ud
804 1702 953 1784 orientem]

192 1783 360 1842 Versicutus.
405 1783 592 1859 Responsum
606 1783 718 1859 accepit
733 1783 861 1858 Symeon
875 1806 893 1842 a
908 1785 1022 1861 Spiritu
1038 1786 1153 1844 Sancte.

190 1866 273 1940 Itesp.
317 1865 388 1920 Non
397 1865 529 1921 visurum
545 1885 575 1921 se
586 1870 720 1935 mortem,
736 1866 794 1922 nisi
807 1867 889 1941 prius
903 1868 1017 1924 videret
1029 1867 1181 1925 Christum
1196 1868 1332 1926 Domini.

128 1945 181 2026 [Et
196 1947 315 2002 dicutur
328 1945 471 2020 Alleluya
485 1946 511 2002 'si
524 1955 591 2003 unte
605 1944 854 2020 Septueyesineom
868 1948 1105 2007 evenerit—MS.
1123 1947 1176 2029 D.]

189 2027 323 2083 Oramus.
371 2026 479 2084 Oratio.

188 2108 370 2177 Quaesumus,
394 2107 579 2182 omnipotens
600 2107 690 2177 Deus,
714 2113 767 2163 tua
787 2128 840 2165 nos
857 2109 1039 2184 protectione
1059 2111 1182 2182 custodi,
1199 2117 1229 2168 et
1247 2111 1333 2168 casti

127 2190 258 2246 moniam
281 2185 431 2244 mentibus
452 2189 562 2244 nostris
584 2193 673 2262 atque
695 2190 871 2263 corporibus,
895 2189 1095 2247 intercedente
1115 2193 1202 2249 beata
1223 2192 1330 2266 Maria,

127 2270 272 2346 propitius
286 2269 415 2343 indulge,
431 2275 466 2324 ut
481 2269 617 2325 veniente
632 2287 737 2343 sponso
751 2275 804 2325 tuo
822 2270 900 2326 Filio
914 2272 1067 2347 unigenito
1082 2273 1209 2329 accensis
1223 2273 1333 2350 lampa

126 2352 212 2408 dibus
226 2351 336 2407 nostris
350 2350 473 2425 dignum
487 2356 659 2424 praestemus
674 2369 833 2407 occursum.
878 2351 937 2408 Per
951 2353 1076 2410 eundem
1091 2353 1250 2410 Christum.

188 2444 240 2501 Ao
262 2443 478 2520 processionem.
511 2442 712 2517 Antiphonu.‘¹'·'·
784 2440 861 2521 [MS.
876 2445 1130 2523 ⁸D.—Posteufiut
1139 2447 1284 2522 processio
1297 2447 1333 2504 in

750 2525 831 2599 cupis
844 2526 944 2583 sericis
957 2526 1008 2584 hoc
1028 2529 1120 2584 otrodo.
1163 2527 1205 2584 In
1219 2549 1333 2602 egressu

749 2607 783 2662 de
812 2605 906 2663 Choro
933 2627 1024 2681 usque
1052 2609 1092 2664 ud
1115 2607 1216 2666 Altero
1244 2609 1332 2668 beutoe

748 2685 855 2742 ultoria>
869 2688 980 2744 (licitur
993 2687 1187 2769 Antiphone]

189 2769 257 2825 Ave
278 2767 376 2824 Maria
396 2767 492 2842 gratia
512 2767 607 2841 plena,
630 2767 689 2823 Dei
708 2767 850 2842 genitrix,
872 2769 976 2843 rirg03
997 2789 1035 2825 ex
1049 2775 1079 2826 te
1094 2770 1174 2827 enim
1188 2776 1272 2828 ortus
1286 2778 1332 2828 est

128 2849 169 2906 sol
181 2849 307 2924 justitiae
326 2848 497 2903 illuminans
516 2867 581 2922 quae
600 2848 632 2902 in
657 2844 792 2904 tenebris
811 2854 888 2905 suut.
933 2849 1048 2906 Laetare
1071 2857 1115 2922 tu,
1131 2853 1229 2908 senior
1238 2853 1330 2927 juste,

128 2931 287 3005 suscipiens
301 2929 332 2985 in
345 2929 429 2984 ulnas
443 2928 631 2984 liberatorem
652 2929 818 2985 animarum
838 2935 1006 2987 nostrarum
1021 2931 1181 2988 donantem
1194 2934 1280 2990 nobis
1301 2940 1333 2991 et

130 3010 380 3067 resurrectionem.

188 3091 259 3146 Atto
273 3089 445 3164 Aretipltonn
461 3087 507 3168 [in
520 3090 642 3146 statione
656 3099 723 3146 unte
736 3089 837 3146 Altare
852 3090 939 3148 bentcc
953 3092 1178 3150 ittarta-MS.
1195 3091 1246 3173 D].

187 3172 312 3228 Adorna
336 3171 500 3226 thalamum
520 3176 616 3243 tumn,
635 3171 726 3227 Sion:
748 3178 778 3227 et
801 3173 914 3248 suscipe
935 3193 1031 3249 regem
1058 3173 1218 3233 Christum.
1260 3173 1333 3232 Am-

126 3253 252 3328 plectere
280 3251 417 3322 Mariam,
446 3271 511 3327 quae
539 3257 583 3308 est
615 3252 738 3308 caelestis
765 3257 869 3327 porta,
903 3255 967 3328 ipsa
995 3255 1075 3311 enim
1102 3260 1203 3330 portat
1230 3274 1332 3330 regem

129 3335 236 3409 gloriae.
281 3333 369 3389 Novo
387 3333 500 3389 lumine
524 3333 659 3389 subsistit
681 3333 771 3408 virge,
786 3333 934 3390 adducens
948 3335 978 3390 in
994 3336 1130 3391 manibus
1151 3335 1250 3392 filium.
1261 3344 1334 3394 ante

130 3415 318 3485 Luciferum3
341 3433 428 3489 quem
455 3413 600 3488 accipiens
625 3414 753 3487 Symeon
771 3414 803 3469 in
824 3414 909 3471 ulnas
932 3435 998 3471 suas
1018 3417 1191 3490 praedicavit
1212 3417 1332 3493 populis

129 3497 281 3553 dominum
296 3515 364 3551 eum
378 3515 439 3551 esse
453 3495 524 3551 vitae
539 3501 569 3551 et
582 3495 694 3565 monis,
711 3495 887 3551 salvatorem
901 3497 1012 3553 mundi

191 3588 344 3669 [Soeenlos
357 3589 436 3645 (licut
457 3586 692 3645 Vesuui—MS.
710 3585 763 3667 D.]

136 3672 165 3727 V.
189 3670 347 3745 Accipiens
378 3669 505 3745 Symeon
534 3689 658 3745 puerum
688 3669 721 3726 in
751 3669 887 3726 manibus
916 3672 1025 3747 gratias
1057 3690 1146 3746 agens
1177 3671 1333 3730 benedixit
1374 3712 1376 3717 -

132 3753 302 3809 Dominum.

193 3833 326 3889 Oremus.
371 3831 480 3889 Oratio.

191 3915 320 3971 Domine
334 3913 355 3969 J
357 3933 408 3969 esu
431 3912 557 3983 Christe,
582 3912 635 3988 qui
654 3912 796 3968 hodierna
810 3911 864 3968 'die
885 3912 915 3968 in
931 3918 1038 3969 nostrae
1053 3913 1149 3970 carnis
1164 3914 1334 3972 substantia

131 3998 210 4053 inter
226 3995 360 4051 homines
383 4013 526 4069 apparens
549 4013 567 4049 a
590 3994 761 4068 parentibus
778 3993 810 4048 in
834 3993 944 4068 templo
969 4013 999 4050 cs
1020 4001 1223 4069 praesentatus,
1243 4015 1333 4070 quem

133 4078 260 4151 Symeon
288 4074 463 4132 venerabilis
490 4093 581 4130 senex
602 4074 714 4130 lumine
739 4074 842 4130 Sancti
865 4074 994 4149 Spiritus
1018 4075 1176 4132 irradiatus
1198 4077 1331 4151 agnovit,

132 4159 268 4233 suscepit,
294 4163 324 4213 et
355 4156 530 4226 benedixit3
560 4163 669 4230 praesta
692 4155 845 4230 propitius,
863 4162 899 4212 ut
923 4156 1053 4230 ejusdem
1077 4155 1205 4231 Spiritus
1231 4157 1335 4215 Sancti

132 4239 227 4315 gratia
254 4237 415 4294 illuminati
449 4242 537 4312 atque
560 4236 656 4293 edocti
682 4242 713 4293 te
741 4236 885 4293 veraciter
917 4256 1107 4312 agnoscamus
1140 4242 1171 4294 et
1204 4237 1335 4296 fideliter

199 4382 211 4406 '¹
228 4382 280 4427 MS.
293 4381 363 4427 C-et
373 4387 453 4437 cetero,
464 4386 488 4425 ut
498 4379 523 4426 iu
533 4379 700 4426 Processionoli
707 4397 714 4435 ,·
731 4380 749 4425 it
766 4381 823 4427 then
834 4380 960 4426 continues
971 4381 1032 4426 with
1042 4381 1082 4428 tho
1093 4381 1133 4426 Ad
1143 4381 1246 4428 Missum.
