2910 4904
182 308 222 368 lt
633 305 730 368 Festo
750 305 932 370 Jouucric'.

248 473 278 532 V.
301 471 405 529 Gratia
419 471 523 528 Dicin
537 491 584 528 me
598 492 690 529 vacua
703 472 836 529 nonfuit
850 493 857 530 :
879 473 929 529 sed
950 473 1048 548 gratia
1069 473 1133 549 ejus
1155 476 1270 549 semper
1286 474 1320 530 in
1335 494 1384 531 me

182 560 290 611 manet.

221 634 370 709 Alleluya.
420 633 448 690 V.
472 632 601 708 Magnus
628 633 740 690 Paulus
760 653 812 690 vas
833 633 1004 691 electionis:
1029 654 1098 692 vere
1118 633 1207 711 digne
1227 641 1273 693 est
1294 635 1384 711 glori-

181 715 320 774 ficaudus.

241 796 425 870 Sequentia*

180 879 269 935 Dixit
284 877 440 946 Dominus
456 875 504 931 Ex
520 875 617 932 Basan
631 882 809 946 convertam,
825 882 995 934 convertam
1009 877 1041 933 in
1055 877 1233 952 profundum
1248 878 1349 936 maris.

183 959 269 1028 Quod
283 959 361 1015 dixit
376 966 406 1013 et
419 957 506 1013 fecit:
530 957 652 1013 Saulum
667 963 697 1013 et
711 958 826 1028 stravit,
842 956 970 1014 Paulum
983 965 1014 1016 et
1028 959 1136 1015 statuit

180 1041 316 1097 Verbum
330 1058 416 1096 suum
430 1038 631 1107 lucarnatum,
646 1058 698 1113 per
711 1039 789 1112 quod
803 1038 873 1094 fecit
887 1044 917 1094 et
931 1038 1053 1098 saecula:

181 1122 267 1191 Quod
282 1121 352 1176 dum
367 1120 530 1194 impugnat,
545 1119 660 1174 audivit
675 1118 789 1190 Saulus,
806 1118 894 1176 Saule
908 1119 980 1195 quid
994 1139 1041 1176 me
1054 1120 1251 1196 persequerist

181 1203 245 1278 Ege
259 1221 324 1258 sum
338 1201 359 1258 J
362 1219 427 1257 esus
439 1220 447 1270 ;
468 1200 573 1255 durum
590 1200 714 1271 esttibi,
729 1207 764 1255 ut
780 1200 944 1258 recalcitres
958 1201 1086 1258 stimulo.

181 1285 212 1339 A
226 1283 308 1352 facie,
324 1281 456 1352 Domini,
471 1287 552 1336 meta
566 1286 612 1336 est
625 1286 712 1350 terra,
728 1281 973 1356 contremuitque,
988 1300 1116 1358 moxque
1131 1282 1253 1357 quievit.

181 1366 264 1421 Dum
278 1363 396 1438 cognito
411 1362 535 1418 eredidit
549 1361 680 1417 Domine
694 1360 813 1432 Paulus,
829 1362 965 1437 persequi
978 1370 1072 1419 cessat
1090 1362 1338 1421 Oonchristiauos.

182 1445 257 1502 Haec
271 1445 372 1519 lingua
386 1449 507 1498 tuorum
522 1449 566 1498 est
579 1462 693 1513 canum,
711 1462 749 1498 ex
762 1442 890 1499 inimicis
904 1443 1019 1500 rediens
1033 1444 1070 1499 ad
1083 1450 1114 1500 te
1128 1443 1217 1502 Deus.

182 1527 258 1583 Oum
272 1525 382 1582 Paulus
396 1525 428 1579 in
443 1543 492 1580 ore
506 1523 639 1579 omnium
652 1529 831 1580 secretorum
841 1524 911 1598 jura
925 1523 976 1579 dat
990 1530 1209 1600 praeceptorum,

182 1607 298 1664 Doeens
312 1605 487 1662 crucifixum
501 1624 561 1660 non
576 1623 637 1661 esse
650 1604 743 1660 alium
756 1610 864 1679 praeter
878 1604 1031 1661 Christum
1045 1605 1150 1662 Deum.

183 1688 258 1744 Cum
274 1688 364 1744 Patre
378 1685 430 1760 qui
443 1691 547 1760 regnat
560 1691 591 1741 et
606 1685 713 1741 Sancte
729 1684 850 1760 Spiritu,
867 1685 950 1760 cujus
964 1686 1047 1742 testis
1062 1685 1182 1756 Paulus,

182 1769 243 1825 Hie
257 1769 359 1843 lingua
372 1765 555 1822 sacerdotum
569 1785 650 1821 more
664 1765 744 1822 canis
765 1765 835 1821 dum
845 1828 847 1832 ,
856 1765 999 1841 perlinxit
1019 1767 1091 1842 legis
1105 1773 1135 1823 et
1150 1766 1295 1844 evangelii
1309 1766 1384 1824 dues

302 1847 426 1904 molares
440 1847 471 1902 iu
487 1847 533 1902 his
547 1847 697 1915 contritos,

183 1929 313 1988 Corresit
321 1929 473 1984 universas
482 1928 591 2002 species
598 1927 819 1998 medicinarum,
831 1927 939 2003 quibus
949 1933 1091 1985 curantur
1099 1928 1199 2000 saucii,
1209 1928 1387 1986 reficiuntur

303 2008 480 2066 enutriendi.

183 2092 269 2160 erod
282 2091 404 2146 decente
418 2090 518 2145 Deum
531 2108 612 2153 mare
620 2088 697 2144 vidit
706 2093 736 2144 et
744 2088 829 2163 fugit,
840 2088 862 2145 J
863 2088 981 2146 erdanis
990 2109 1147 2148 conversus
1156 2096 1200 2148 est
1208 2095 1380 2147 retrorsum.

182 2172 260 2241 Quia
273 2172 361 2227 turba
374 2170 508 2244 gentium
522 2169 664 2225 vitiorum
675 2169 790 2225 rediens
799 2169 834 2226 dc
843 2170 998 2245 profunde,
1011 2171 1057 2247 Og
1067 2191 1134 2247 rege
1144 2172 1243 2228 Basan
1252 2171 1383 2242 confuso,

182 2254 222 2310 Te
245 2252 339 2309 solum
361 2251 464 2307 adorat
487 2249 605 2306 Christe
627 2255 788 2307 creatorem
810 2270 898 2326 quem
912 2257 942 2308 et
961 2252 1109 2328 cognoscit
1122 2253 1154 2308 in
1168 2268 1255 2310 carne
1268 2251 1387 2310 venisse

303 2332 525 2407 redemptorem.

233 2431 297 2490 ,Μ
310 2432 428 2488 (licetur
441 2430 499 2486 istu
513 2428 675 2504 Sequentia.

343 2511 445 2568 Sancti
459 2511 545 2566 Pauli
559 2510 711 2567 conversio
726 2510 830 2567 devote
844 2517 888 2567 est
902 2512 1063 2584 recolenda,

344 2593 439 2661 Quem
454 2591 600 2648 Dominus
614 2597 698 2648 tanta
712 2592 821 2648 ditavit
834 2592 938 2666 gratia,

343 2674 390 2732 Ut
405 2673 506 2729 doctor
519 2673 653 2747 gentium
667 2674 704 2728 ab
721 2673 803 2728 omni
815 2679 936 2729 vocetur
950 2673 1099 2731 Ecclesia:

343 2757 450 2830 Agnus
464 2754 500 2809 de
513 2753 583 2828 lupo
598 2775 603 2809 :
625 2754 661 2809 de
674 2762 858 2828 persecutore
872 2754 1069 2829 Evangelista.

344 2835 464 2890 Mutata
477 2839 547 2889 sunt
561 2853 657 2909 opera,
672 2840 806 2890 mutatur·
819 2841 849 2890 et
863 2854 988 2892 onoma:
1010 2835 1121 2893 Paulus
1137 2836 1318 2910 nominatur,
1331 2837 1385 2913 qui

466 2913 573 2970 Saulus
586 2921 656 2971 ante
670 2915 766 2971 dietus
780 2915 883 2972 fuerat.

344 2995 509 3070 Instigatus
522 2994 600 3051 furia
611 2994 708 3052 dirum
719 2996 801 3052 virus
815 2997 947 3054 efflabat:
970 3002 1066 3073 strage
1077 2997 1236 3056 saevissima
1249 2999 1385 3057 membra

466 3075 579 3131 Christi
592 3078 715 3133 saeviens
728 3078 892 3152 torquebat.

345 3158 414 3213 Lux
428 3160 555 3212 aetherea
568 3177 655 3232 quem
670 3157 895 3233 circumfulgens
906 3158 972 3215 visu
985 3158 1094 3234 purat,

344 3237 536 3313 Spiritualem
550 3239 600 3294 sed
614 3238 642 3294 ei
655 3239 799 3295 intuitum
813 3238 904 3297 donat
920 3260 926 3296 :

344 3319 514 3394 Colaphizat
529 3338 565 3374 ne
580 3320 730 3394 superbiat
743 3341 749 3376 :
770 3320 877 3376 sternit
890 3340 966 3391 eum,
982 3320 1033 3378 sed
1046 3327 1181 3378 ruentem
1194 3321 1327 3380 relevat:

343 3401 500 3475 Dejectum
513 3400 646 3476 increpat
659 3423 665 3458 :
686 3401 840 3476 increpans
853 3401 990 3460 emendat
1004 3424 1010 3460 :

344 3482 429 3537 Fidei
442 3481 606 3537 doctrinam
620 3482 821 3538 commendat:

343 3561 535 3618 Defensorem
550 3562 685 3618 Ecclesiae
700 3562 826 3632 ordinat,

343 3643 539 3718 Impugnator
552 3643 604 3719 qui
617 3644 699 3719 prius
714 3644 868 3700 exstiterat
881 3665 887 3700 z

345 3724 462 3780 Secreta
476 3724 599 3798 mystica

345 3803 484 3861 Credenti
497 3805 617 3876 revelat,

345 3886 417 3954 Quae
431 3885 544 3940 homiui
557 3885 640 3960 loqui
653 3904 714 3941 non
728 3886 842 3942 licebat.

344 3966 432 4023 Prius
446 3985 593 4040 synagoga
607 3985 695 4041 quem
709 3966 891 4039 educaverat,

344 4047 549 4104 Post-modum
563 4046 681 4103 laetatur
695 4052 790 4104 mater·
804 4047 940 4105 Ecclesia.

344 4127 489 4203 Mysteria

345 4210 418 4278 Quae
432 4213 564 4277 noverat,

344 4290 403 4348 Per
415 4295 514 4347 totum
527 4290 590 4346 iens
605 4290 703 4346 orbem
717 4290 864 4365 praedicat.

344 4506 352 4519 ο
430 4452 442 4475 '
459 4451 530 4497 MSS.
542 4451 564 4497 D
576 4450 724 4498 andFomit
734 4451 775 4498 the
785 4452 839 4498 first
850 4450 875 4497 ol
885 4451 951 4497 these
964 4451 1106 4510 Sequences.
