2910 4904
644 331 646 337 .
665 269 787 334 Proser.
1264 271 1327 335 299

129 437 191 507 Qui
204 438 318 495 assidue
332 437 473 496 melliflua
485 436 560 494 dant
572 435 686 494 cantica
699 436 762 512 ejus
775 435 1005 512 praedulcissimo
1017 436 1098 513 pleni
1110 437 1212 513 gloria

130 517 265 587 Quorum
288 519 468 576 celebrantes
489 517 642 576 sollemnia
663 517 809 575 consortio
818 517 907 594 jungi
927 537 987 594 quo
1008 537 1173 577 mereamur
1193 516 1328 575 Christus

128 678 190 748 Qui
202 606 364 739 ridellielldst
376 680 475 756 gloria

696 796 764 855 XL.

570 917 633 995 (Du
653 917 883 997 Mnarramos.)

188 1041 283 1098 Proca
296 1040 338 1099 ad
349 1041 505 1115 Sequentia
518 1040 540 1099 J
542 1041 602 1098 usti
615 1041 780 1117 epulentur.

189 1145 337 1222 Alleluya.

127 1241 263 1298 Andura
283 1256 415 1297 rnucrrro
436 1255 571 1297 sunnam
584 1246 777 1316 concrepante
791 1240 917 1315 promite
930 1245 1095 1316 martyrum
1109 1239 1263 1316 praeconia.

127 1320 255 1397 Oompta
268 1329 411 1378 vernante
424 1321 551 1379 melodia
564 1321 661 1378 canite
675 1321 756 1378 lenta
769 1320 906 1392 tremula,

127 1401 242 1458 Divina
254 1402 352 1459 floridi
364 1404 467 1477 gratia,
482 1401 590 1459 hilares
604 1408 634 1459 et
647 1401 760 1458 laetitia.

127 1482 154 1539 Ο
177 1502 267 1558 quam
294 1482 432 1554 salubria,
456 1485 486 1541 Ο
505 1490 567 1555 tua,
588 1482 725 1554 Domine,
746 1482 906 1559 splendida,
932 1482 959 1539 Ο
980 1501 1069 1558 quam
1092 1481 1191 1539 lucida
1214 1501 1328 1558 semper

127 1582 383 1702 Iausliiiliiibrtbria
393 1653 557 1720 martyrum
571 1644 683 1720 inclyta
693 1646 784 1717 Deua,
796 1644 822 1702 Ο
833 1651 868 1702 tu
878 1664 967 1721 quam
977 1643 1090 1720 fulgida
1104 1643 1213 1701 sanctis
1222 1643 1324 1720 gloria.

127 1724 294 1782 (laudidula
306 1727 394 1783 turba
408 1732 438 1783 te
453 1727 577 1783 nimium
589 1726 657 1782 fidei
671 1726 832 1783 clarissima
845 1745 970 1803 sequens
983 1728 1081 1783 anima

127 1805 244 1864 Labilia
257 1807 362 1864 lubrici
376 1807 514 1864 culminis
527 1806 626 1864 saeculi
640 1813 855 1883 contempserat
868 1814 958 1883 atque
973 1806 1093 1864 lubrica.

128 1887 188 1956 Qui
208 1893 310 1980 perte
330 1888 438 1981 ferocia
458 1888 624 1945 sustinuere
644 1889 776 1960 verbera,
797 1887 924 1959 vincula,
940 1893 1097 1957 tormenta,
1112 1905 1165 1962 per
1184 1885 1328 1962 supplicis

128 1969 517 2142 Sacrafetsditiiiiddiiiicordis
534 2049 641 2107 intimo
658 2050 786 2122 condita,
800 2049 945 2127 patientia
958 2069 1030 2127 quos
1043 2048 1205 2106 refecerant
1218 2053 1249 2104 et
1262 2066 1328 2105 con-

128 2136 352 2268 Tortdiaiiiisbarla
365 2216 468 2287 captus
481 2212 598 2269 insania
610 2218 731 2288 torquet
744 2232 847 2288 aspera
860 2213 925 2269 dira
938 2218 1053 2268 sanctos
1067 2231 1106 2268 un
1110 2210 1187 2285 gula.
1267 2233 1269 2237 ⁴

129 2293 248 2349 Pellens
261 2299 296 2349 ut
308 2292 389 2368 ligno
403 2300 502 2350 mente
516 2299 650 2369 apostata
662 2293 749 2369 proni
762 2291 904 2369 supplici*
918 2312 989 2349 voce
1003 2292 1100 2349 ferant
1113 2292 1223 2348 munia.

129 2372 186 2430 Sed
200 2393 282 2430 mens
296 2373 374 2430 alma
388 2373 482 2449 patria
496 2374 559 2450 lege
572 2374 755 2449 praemonita,
767 2375 852 2431 firma
865 2380 949 2450 petra
962 2373 1092 2444 fundata,
1105 2372 1206 2429 cedere
1220 2371 1325 2441 nescia,

207 2473 348 2530 spernens
356 2455 427 2531 jura
440 2456 603 2530 tyrannica,

128 2535 291 2592 Profitetur
298 2536 416 2592 unicam
426 2536 484 2592 fide
492 2535 635 2593 catholica
645 2535 823 2593 Trinitatem
836 2555 950 2612 supera,
963 2535 1064 2607 infera,
1075 2535 1180 2606 media,
1191 2539 1327 2592 cunctam

208 2635 274 2692 quse
288 2617 363 2691 regit
377 2616 550 2674 machinam.

128 2696 176 2754 Sic
197 2695 414 2755 indomabiles†
432 2697 559 2755 caelestia
578 2704 723 2756 sectantes
736 2697 920 2771 charismata,
936 2697 977 2755 sic
991 2695 1151 2773 angelicam
1166 2695 1239 2753 secti
1252 2695 1327 2752 colla

208 2778 323 2834 intrant
336 2778 462 2854 patriam
476 2800 483 2835 ε

127 2858 166 2915 In
180 2877 240 2934 qua
252 2878 405 2953 purpurea·
413 2860 565 2936 perspicua
579 2866 609 2918 et
622 2859 745 2937 perenni
757 2879 889 2936 gemmea
902 2859 1012 2935 compti
1025 2858 1125 2915 laurea
1138 2857 1195 2914 tibi
1205 2855 1328 2932 pulchra

128 2946 522 3158 Quorssbjtlilssagdillitiva
534 3021 642 3100 gaudia
655 3028 687 3079 et
699 3021 854 3078 laudantes
867 3020 1020 3078 sollemnia
1033 3025 1068 3077 tu
1082 3039 1143 3091 nos,
1157 3018 1183 3077 Ο
1198 3018 1327 3076 Domine

126 3182 194 3252 Quo
211 3121 516 3276 adiitirlssdonati
537 3184 634 3261 gratia
651 3203 718 3241 cum
736 3183 916 3260 martyribus
934 3188 1045 3240 aeterna
1061 3181 1197 3240 laetemur
1213 3180 1327 3257 fulgida

124 3344 151 3402 Ο
167 3268 437 3413 boilbmtlliiiitblrdb
448 3346 583 3417 caelestia,
600 3346 638 3403 da
650 3345 736 3402 nobis
748 3345 827 3402 alma
839 3344 937 3403 coelica
949 3349 1098 3422 perpetuae
1112 3344 1182 3400 vitae
1195 3362 1292 3419 regna

689 3536 774 3594 XLI.

570 3658 633 3735 (Da
653 3658 882 3736 Marmaricus.)

268 3779 362 3837 Proca
375 3781 417 3837 ad
429 3780 451 3838 J
453 3786 536 3837 ustus
550 3785 584 3836 ut
597 3780 695 3856 palma
708 3779 812 3838 minor.

268 3872 416 3949 Alleluya

208 3969 342 4027 Lunam
362 3986 465 4027 morra
485 3970 555 4026 Duo
568 3975 732 4045 martyrum
745 3969 841 4026 turba

208 4050 269 4119 Qui
281 4069 334 4126 pro
348 4050 480 4108 mercede
493 4051 662 4108 certaminis
674 4049 766 4107 lucidi
780 4049 909 4125 pretiosa

207 4130 272 4188 Vos
285 4130 361 4188 stola
374 4133 465 4188 vestit
477 4137 619 4208 perpetua
631 4149 764 4208 gemmea
776 4138 807 4188 et
815 4150 923 4188 corona
934 4150 943 4202 3

207 4211 272 4270 Ubi
285 4218 396 4270 aeterna
409 4231 463 4269 vos
475 4212 540 4269 lilia

207 4292 302 4351 Grata
315 4292 499 4350 circumdant
512 4299 541 4350 et
555 4291 693 4351 balsama

317 4415 331 4442 ⁸
341 4414 543 4475 lib-supplica
768 4450 786 4461 .,
802 4432 806 4459 ;
825 4450 833 4473 .·
855 4413 885 4471 fl:
944 4436 967 4477 2*
1016 4411 1140 4461 domabile.
