2910 4904
208 288 227 346 8
283 293 286 297 '
657 284 752 349 Festa
773 282 956 349 Joaaorii.

268 448 450 508 communio.

265 530 357 588 Mitte
370 551 492 588 manum
505 537 589 589 tuam
603 539 633 590 et
647 551 786 609 cognosce
806 532 869 590 loca
882 532 1040 604 clavorum,
1056 531 1201 607 alleluya:
1222 538 1253 588 et
1266 531 1329 589 noli
1343 551 1405 589 esse
1444 589 1445 592 ,

203 611 373 669 incredulus
387 614 438 670 sed
451 612 553 683 fidelis,
567 613 704 688 alleluya,
719 613 855 689 alleluya.

266 693 507 751 Postcoaamaaio.

265 772 421 846 Conserva,
437 774 575 845 Domine,
588 774 731 851 populum
744 782 840 846 tuum,
856 781 886 831 et
899 794 987 849 quem
1008 781 1176 833 sanctorum
1196 780 1317 832 tuorum
1331 794 1406 851 prae·

204 852 286 910 sidiis
308 874 369 912 non
393 856 503 913 desinis
527 855 677 932 adjuvare,
700 856 851 932 perpetuis
872 857 971 913 tribue
992 858 1120 934 gaudere
1147 856 1290 913 remediis.
1346 856 1406 912 Per

204 934 378 994 Dominum.

293 1088 404 1146 Saron
427 1089 596 1162 Snvnsrm,
618 1105 703 1146 rara
724 1106 761 1146 nr
781 1105 988 1147 corrnssoms.
1032 1088 1126 1166 (Prid.
1146 1088 1215 1145 Kal.
1230 1086 1314 1165 Jan.)

266 1204 406 1280 Officium.
450 1206 620 1263 Sacerdotes
634 1206 688 1264 tui.

266 1287 376 1344 Oratio.

264 1367 319 1437 Da,
335 1387 511 1444 quaesumus
525 1369 710 1444 omnipotens
735 1368 825 1440 Deus,
849 1374 883 1424 ut
905 1368 986 1425 beati
1009 1368 1145 1425 Silvestri
1166 1366 1337 1424 confessoris
1357 1365 1424 1424 tui·

201 1454 291 1523 atque
315 1449 462 1525 pontificis
485 1450 652 1506 veneranda
676 1450 859 1517 sollemnitas
879 1456 910 1506 et
930 1450 1118 1507 devotionem
1139 1449 1224 1506 nobis
1244 1453 1352 1524 augeat
1372 1455 1417 1511 et⁸

202 1529 337 1587 salutem.
381 1529 446 1586 Per.

262 1608 403 1685 Epistola
446 1610 522 1668 Ecce
536 1611 669 1668 sacerdos
682 1632 814 1688 magnus.

264 1689 397 1748 Gradal.
443 1691 517 1748 Ecce
531 1692 671 1749 sacerdos.

261 1771 411 1846 Alleluya.
463 1771 489 1828 V.
514 1772 621 1828 Inveni
636 1772 743 1829 David.

261 1849 438 1931 [Sequentia.
479 1852 566 1910 MSS.
583 1853 612 1908 D
628 1855 652 1910 dr
666 1853 856 1912 F.-Adeste
870 1854 965 1927 nobis,
980 1855 1013 1911 ia
1029 1853 1195 1912 Communi.
1239 1853 1303 1911 MS.
1321 1853 1403 1910 A.-

202 1930 379 2012 Organicis]
1440 1942 1442 1947 '

260 2014 462 2088 Ecoaqeliwa.
507 2013 607 2070 Homo
623 2015 743 2091 quidam
756 2035 884 2093 peregre.

263 2094 365 2152 Credo.

263 2174 455 2248 Offertorium.
500 2175 609 2233 Inveni
624 2176 732 2234 David.

261 2255 382 2314 Secreta.

262 2337 364 2394 Sancti
377 2337 423 2394 tui
436 2357 498 2409 nos
515 2357 690 2414 quaesumus,
706 2339 843 2412 Domine,
858 2340 968 2415 ubique
982 2339 1140 2410 laetificent,
1157 2345 1201 2410 ut,
1216 2339 1287 2396 dum
1300 2359 1402 2396 eorum

199 2419 307 2475 merita
320 2419 485 2488 recolimus,
500 2420 665 2495 patrocinia
678 2421 848 2479 sentiamus.
893 2420 952 2478 Per
965 2421 1136 2477 Dominum.

260 2499 411 2574 Praefatio.
455 2500 534 2569 Quia
547 2520 600 2576 per
615 2501 769 2558 incarnati.

263 2579 441 2639 Comrauaio.
485 2581 597 2639 Beatus
611 2602 719 2639 servus

262 2662 504 2720 Poatcommuaio.

261 2742 382 2814 Praesta,
406 2762 582 2818 quaesumus,
608 2745 795 2819 omnipotens
816 2743 907 2815 Deus,
930 2751 965 2801 ut
988 2745 1024 2802 de
1048 2744 1203 2820 praeceptis
1229 2744 1402 2802 muneribus

199 2824 311 2899 gratias
325 2823 498 2881 exhibentes
512 2825 655 2882 beneficia
668 2826 784 2901 potiora
798 2846 954 2883 sumamus
999 2826 1058 2883 Per
1071 2826 1242 2882 Dominum.

402 2996 513 3054 Saron
536 2997 669 3070 Famem,
692 3016 884 3058 ransarruar.
931 2999 1005 3076 (xix.
1028 3000 1097 3060 Kal.
1115 2999 1198 3078 Feb.)

262 3110 403 3184 Officium.
447 3112 488 3169 Os
504 3113 582 3188 justi
595 3113 789 3172 meditabitur
802 3117 985 3193 sapientiam.

264 3191 373 3248 Oratio.

261 3272 402 3344 Concede,
418 3293 594 3349 quaesumus
610 3276 797 3352 omnipotens
812 3278 903 3350 Deus,
918 3286 953 3336 ut
963 3279 1001 3336 ad
1009 3279 1161 3337 meliorem
1173 3281 1266 3337 vitam
1280 3285 1400 3337 tuorum

200 3353 335 3430 exempla
356 3354 488 3412 fidelium
508 3376 561 3413 nos
581 3365 763 3433 provocent,
794 3360 934 3434 quatinus
958 3380 1084 3437 quorum
1108 3361 1263 3422 sollemnia
1286 3362 1401 3437 agimus

200 3435 289 3492 etiam
304 3441 387 3491 actus
401 3435 560 3494 imitemur.
604 3438 664 3495 Per
677 3440 846 3497 Dominum.

261 3516 401 3591 Epistola.
446 3516 597 3576 Testificor
610 3540 708 3577 coram
722 3521 794 3578 Dec.

263 3597 397 3655 Grcdole.
440 3599 563 3656 Juravit
577 3600 732 3658 Dominus.

260 3677 409 3753 Alleluya.
459 3681 486 3736 V.
503 3680 601 3755 ,Posui
615 3683 804 3758 adjutorium.

261 3759 462 3833 anayeliaaa
505 3761 574 3818 Sint
587 3762 682 3820 lumbi
696 3783 786 3838 usqae
800 3766 840 3820 od
854 3764 949 3821 Filius
962 3763 1097 3823 hominis.

262 3838 454 3912 Offcrtoriam.
498 3842 600 3900 Gloria
613 3850 644 3901 et
657 3844 775 3902 honore.

260 3920 381 3978 Secreta.

260 4002 384 4059 Hostias
406 4003 471 4074 tibi,
497 4004 634 4075 Domine,
661 4006 739 4062 beati
763 4007 870 4063 Felicis
894 4008 1066 4066 confessoris
1090 4009 1137 4065 tui
1160 4009 1272 4066 dicatas
1285 4009 1399 4067 meritis

199 4083 343 4158 benignus
357 4103 480 4155 assume,
491 4091 522 4141 et
536 4085 573 4142 ad
583 4093 759 4162 perpetuum
770 4088 855 4145 nobis
865 4089 963 4145 tribue
973 4090 1127 4165 pervenire
1137 4090 1308 4148 subsidium.
1331 4090 1396 4149 Per.

260 4162 443 4222 Ooaaaaaaio.
487 4164 627 4238 Posuisti,
643 4176 677 4222 at
691 4168 724 4224 ia
740 4166 899 4226 Ooalmaai
911 4170 1003 4228 aazias
1017 4171 1165 4247 martyria

260 4245 504 4302 Poatcommuaio.

258 4323 441 4397 Quaesumus
457 4326 593 4399 Domine,
609 4328 789 4386 salutaribus
803 4331 910 4406 repleti
923 4333 1081 4406 mysteriis
1096 4339 1132 4390 ut
1146 4334 1230 4410 cujus
1244 4333 1397 4392 sollemnia

246 4403 377 4464 ebramus
391 4409 454 4483 ejus
468 4407 651 4467 orationibus
665 4409 849 4486 adjuvemur.
894 4412 959 4470 Per.
