2910 4904
198 293 247 357 In
260 294 353 358 Festo
371 292 611 378 plurimorum
631 292 816 378 Vispinnni
830 294 1034 378 Martyrum.
1153 297 1215 366 157

86 461 327 518 Postcommnnio.

85 542 243 617 Adjuvent
260 560 322 613 nos,
339 559 514 616 quaesumus,
530 540 667 613 Domine,
682 540 744 597 haec
764 541 904 616 mysteria
927 548 1027 599 sancta
1040 562 1105 618 quse
1119 563 1214 619 sump

42 622 126 734 imus,
152 630 182 679 et
204 622 297 679 beatae
321 621 360 680 N.
385 621 510 697 virginis
537 622 733 697 martyrisque
760 627 820 678 tuoe
847 623 1017 680 intercessio
1037 625 1210 682 veneranda.

42 722 92 760 er.

268 855 427 913 1quer
448 872 540 913 uiuus
561 856 708 913 Vmonus
729 872 791 913 non
812 856 985 914 Mansuram.

89 987 229 1063 Officium.
258 986 414 1050 *Dilexisti
425 987 584 1063 justitiam.

90 1068 199 1128 Oratio.
300 1092 303 1099 ·

88 1150 283 1224 Omnipotens
310 1149 487 1224 sempiterne
515 1148 605 1217 Deus,
633 1146 671 1202 da
691 1147 776 1203 nobis
803 1147 836 1202 in
862 1146 1026 1204 festivitate
1053 1148 1145 1205 beatae
1172 1149 1212 1207 ff.

42 1231 152 1307 irginis
172 1236 233 1286 tuae
253 1249 381 1305 congrua
401 1228 555 1285 devotione
575 1228 717 1302 gaudere3
737 1233 773 1283 ut
786 1233 817 1284 et
829 1228 994 1303 potentiam
1007 1234 1090 1285 tuam
1104 1229 1135 1285 in
1150 1230 1215 1305 ejus

42 1311 157 1368 ‚ransitu
171 1310 331 1381 laudemus,
348 1316 377 1367 et
390 1309 540 1385 provisum
554 1309 640 1364 nobis
653 1308 847 1383 percipiamus
860 1308 1013 1367 auxilium.
1056 1309 1123 1368 Per.

89 1391 231 1467 Epistola.
275 1392 334 1461 Qui
347 1390 498 1466 gloriatur.

89 1472 231 1548 Epistola.
274 1471 425 1547 Sapientia
438 1469 532 1527 vincit
545 1468 699 1526 malitiam.

89 1552 225 1610 Gradole.
268 1552 435 1628 Adjuvabit
449 1571 520 1608 eam.

89 1633 241 1709 Alleluya.
289 1633 319 1690 V.
343 1632 443 1708 Specie
456 1637 516 1688 tua.

87 1713 253 1789 Sequentia.
295 1713 431 1788 Virginis
444 1711 626 1783 venerandae,
641 1720 675 1768 nt
688 1710 722 1767 in
737 1709 903 1769 Communi.

87 1794 289 1869 Eunnqelinm.
332 1794 434 1851 Simile
448 1799 492 1850 est
505 1812 629 1868 regnum
643 1791 781 1849 caelorum
793 1792 941 1849 thesauro.

91 1874 283 1949 offertorium.
325 1875 440 1931 Diffusa
454 1880 498 1931 est
511 1873 614 1950 gratia.

89 1955 212 2015 Soneio.

90 2037 250 2094 Offerimus
277 2036 341 2108 tibi,
371 2035 507 2106 Domine,
531 2052 630 2110 preces
657 2041 688 2091 et
714 2053 837 2091 munera
858 2035 892 2090 in
913 2034 1022 2090 honore
1046 2040 1152 2091 sanctie
1173 2035 1212 2092 N.

42 2117 210 2195 gaudente83
229 2126 345 2193 praesta,
361 2135 528 2192 quasumus‚
543 2121 578 2171 ut
593 2115 802 2172 convenienter
819 2115 880 2171 haec
899 2135 992 2191 agere,
1008 2120 1039 2171 et
1052 2115 1214 2172 remedium

42 2199 244 2274 sempiternum
276 2198 427 2255 valeamus
455 2197 612 2272 acquirere.
663 2195 730 2252 vPor
757 2195 921 2253 Dominum
947 2201 1083 2253 nostrum
1109 2195 1214 2254 Jesum

42 2279 191 2337 ihr-istum.

92 2358 276 2418 Coruncanio.
319 2357 468 2415 Dilexisti.
540 2376 547 2386 ’

92 2439 275 2499 Connnnnio.
319 2439 421 2496 Simile
435 2444 480 2495 est
494 2457 618 2514 regnum
631 2437 775 2494 caelorum.

90 2520 334 2579 Postcommunio.

92 2602 225 2672 Satiasti
253 2601 389 2673 Domine,
417 2599 560 2656 familiam
586 2604 670 2655 tuam
696 2597 868 2655 muneribus
896 2597 993 2668 sacris,
1019 2599 1080 2674 ejus
1104 2618 1216 2675 semper

42 2683 251 2741 nterventione
264 2701 317 2738 nos
328 2681 427 2739 refove
438 2701 448 2753 3
468 2681 550 2756 cujus
564 2679 716 2736 sollemnia
730 2679 916 2736 celebramus.
960 2679 1025 2737 Per.

395 2903 435 2960 In
455 2902 553 2959 Fnsro
575 2917 668 2959 unius
690 2899 860 2958 Mrrsonr.

95 3011 235 3088 Officium
280 3009 429 3068 Dilexisti.

95 3093 206 3152 Oratio.
250 3091 444 3166 Omnipotens
458 3088 634 3164 sempiterne
650 3087 739 3145 Deus.

95 3173 211 3251 Epistol
231 3217 237 3230 .
281 3171 438 3228 Mulierem
459 3171 575 3241 fortem,
601 3188 695 3242 quoire
719 3168 752 3224 in
772 3167 856 3224 Festo
879 3175 985 3226 sanctie
1008 3166 1116 3224 Murice
1136 3165 1221 3241 Moy-

97 3335 231 3395 Gradus
275 3332 442 3409 Adjuvabit
455 3351 527 3388 eam.

94 3416 242 3491 Alleluya
293 3415 323 3471 V.
347 3413 447 3489 Specie
461 3419 520 3470 tua.

96 3497 257 3573 Separentur.
301 3494 410 3551 Mundi
423 3499 517 3550 aetate.

98 3577 298 3652 Eoonqelium.
342 3574 443 3633 Simile
454 3579 498 3630 est
511 3592 634 3648 regnum
648 3571 784 3628 caelorum
798 3570 945 3627 thesauro.

99 3658 290 3733 offertorium.
334 3655 450 3712 Diffusa
463 3659 509 3712 est
520 3653 623 3730 gratia.

98 3739 217 3798 Secreto.
262 3737 428 3794 Offerimus.

100 3818 283 3878 Coruncanio.
326 3816 474 3874 Dilexisti.

100 3899 339 3960 Postconninnio.
382 3895 512 3968 Satiasti,
527 3894 662 3952 Domino.

241 4121 281 4177 In
303 4119 400 4176 Frsro
421 4133 625 4175 rnunruanuu
646 4115 812 4173 Vironum
833 4113 1020 4170 Mnnrrsun.

105 4251 239 4327 Officium.
284 4249 415 4307 Vultum
427 4253 521 4306 tuum.

107 4332 218 4474 1111011
236 4432 301 4487 nos,
316 4412 398 4471 Deus
412 4410 548 4470 salutaris
572 4414 679 4482 noster,
694 4414 730 4466 ut
751 4408 828 4467 sicut
854 4411 890 4469 de
911 4410 1063 4468 beatarum
1076 4405 1224 4484 virginum
