2910 4904
203 319 264 382 166
631 314 800 396 Mirrada
822 315 973 401 Angelis.

264 482 455 562 Offeramus.
497 481 535 539 ln
549 502 668 540 omnem
681 488 799 539 terram.

263 563 383 622 Secreta.
428 563 595 621 Offerimus.

262 643 413 718 Praefatio.
458 645 499 702 Et
513 650 543 702 te
557 643 737 721 suppliciter.

265 723 446 785 Communia.
490 726 554 783 Vos
568 726 621 801 qui
636 725 736 782 secuti

263 804 506 864 Poatcomraaaio.
548 806 682 882 Protege,
699 805 836 863 Domine.

446 985 485 1043 Ia
502 985 790 1043 Ooarnnnoaarronu
812 985 944 1044 Ouruuu
965 985 1160 1046 Saacronnu.

267 1101 405 1176 Officiarn.
449 1101 572 1174 Timete,
587 1101 759 1159 Dominum.

267 1183 375 1242 Oratio.
418 1182 559 1252 Concede,
575 1201 751 1257 quaesumus,
768 1182 954 1260 omnipotens
968 1183 1059 1255 Deus,
1074 1191 1110 1241 ut
1123 1183 1311 1244 intercessio.

266 1263 407 1339 Epistola.
450 1263 471 1320 J
474 1269 607 1320 ustorum
621 1263 736 1320 animae.

268 1345 402 1402 Gradal.
446 1344 657 1400 Exsultabunt.

267 1425 416 1501 Alleluya.
465 1425 494 1482 V.
517 1424 704 1481 Judicabunt
717 1425 819 1483 sancti.

267 1505 466 1580 Evaraqela'am.
510 1505 627 1562 Videas
642 1507 743 1563 turbas
757 1507 779 1564 J
780 1526 853 1564 esus.

269 1587 459 1659 &artemam
503 1585 716 1644 Exsultabunt.

266 1667 387 1726 Secreta.
431 1667 556 1737 Oblatis,
572 1667 709 1724 Domine.

268 1748 448 1807 Comrraanio.
490 1747 512 1804 J
515 1754 657 1805 ustorum.

267 1828 508 1887 Postconamaaio.
553 1828 746 1905 Sumpsimus,
765 1829 901 1889 Domine.

643 2012 744 2069 M1ssa
764 2030 805 2070 nn
825 2013 974 2070 Arsanus.

273 2095 414 2169 Officium.

270 2176 439 2233 Benedicite
453 2173 617 2232 Dominum
631 2193 732 2231 omnes
745 2174 843 2249 angeli
857 2175 929 2250 ejus,
944 2179 1081 2251 potentes
1095 2168 1226 2235 virtute:
1250 2178 1307 2255 qui
1319 2178 1420 2237 facitis

209 2258 333 2314 verbum
347 2258 416 2332 ejus,
433 2256 470 2312 ad
484 2255 661 2312 audiendam
674 2274 776 2312 vocem
790 2275 960 2312 sermonum
973 2257 1045 2332 ejus.

270 2337 312 2394 Ia
326 2347 447 2412 tempora
461 2335 607 2406 Pascbali,
621 2335 770 2411 Alleluya.

271 2419 416 2476 Psalnaas.

271 2499 408 2568 Benedic,
425 2499 523 2555 anima
546 2517 618 2571 mea,
636 2496 784 2554 Domino:
806 2504 836 2555 ct
850 2497 950 2555 omnia
963 2517 1028 2575 quae
1046 2497 1129 2557 intra
1149 2518 1198 2558 me
1220 2508 1295 2559 sunt
1307 2522 1417 2561 nomen

211 2586 347 2640 sanctum
361 2581 431 2656 ejus.

269 2661 415 2720 Pandarus.
459 2660 560 2717 Gloria
573 2659 660 2735 patri.

275 2743 383 2801 Oratio.

272 2824 453 2900 Perpetuam
485 2821 576 2892 nobis,
610 2820 747 2893 Domine,
775 2826 835 2878 tuae
862 2821 1060 2879 miserationis
1086 2828 1194 2898 praesta
1228 2825 1415 2885 subsidium:

213 2905 320 2981 quibus
344 2911 374 2960 et
401 2902 532 2979 angelica
555 2902 722 2978 praestitisti
749 2902 888 2978 suffragia
914 2922 975 2959 non
999 2903 1105 2961 deesse.
1170 2903 1230 2962 Per
1253 2905 1413 2965 Dominum

214 2991 356 3043 nostrum.

274 3065 347 3123 Alia
358 3064 467 3123 Oratio.

276 3147 364 3217 Deua,
381 3146 433 3222 qui
445 3144 521 3201 miro
535 3145 637 3202 ordine
657 3144 828 3221 angelorum
848 3145 1014 3202 ministeria
1032 3145 1246 3223 hominumque
1259 3148 1410 3225 disponam

215 3228 338 3285 concede
351 3226 505 3303 propitius,
517 3231 552 3282 ut
566 3226 673 3301 quibus
687 3225 744 3282 tibi
754 3226 992 3283 ministrantibus
1005 3226 1038 3283 in
1051 3227 1121 3285 caelo
1129 3247 1247 3304 semper
1259 3229 1406 3297 assistitur,

216 3310 253 3366 ab
267 3309 314 3366 his
328 3309 360 3363 in
374 3317 454 3364 terra
467 3307 530 3364 vita
543 3312 645 3363 nostra
657 3307 818 3364 muniatur.
862 3306 921 3364 Per
935 3307 1106 3367 Dominum.
1454 3315 1455 3318 ’

275 3389 372 3446 Lectio
387 3388 454 3445 libri
467 3386 657 3463 Apocalypsis
671 3387 746 3444 beati
759 3386 909 3445 Joaaaais
922 3387 1053 3463 Apostoli
1066 3388 1141 3463 (aaa.
1159 3390 1258 3468 9-10)

278 3471 318 3527 In
341 3469 443 3526 dicbus
470 3468 536 3539 illis,
557 3469 646 3525 Dixit
668 3468 742 3524 mihi
763 3469 885 3544 angelus
896 3489 905 3540 3
935 3468 1044 3539 Scribe,
1065 3469 1152 3526 Beati
1178 3472 1231 3546 qui
1255 3472 1293 3529 ad
1317 3488 1400 3531 conam

217 3552 391 3627 nuptiarum
402 3570 492 3624 acqua
504 3549 545 3606 ad
558 3550 656 3606 Deum
674 3549 769 3606 adora.

280 3630 416 3688 Gradale.

279 3711 449 3769 Benedicite
463 3712 634 3781 Dominum,
650 3730 751 3768 omnes
764 3712 860 3787 angeli
875 3711 938 3787 ejus
951 3733 957 3768 :
979 3717 1114 3788 potentes
1127 3712 1243 3771 virtute
1256 3714 1309 3791 qui
1321 3709 1399 3771 fariis

219 3793 343 3850 verbum
357 3793 429 3865 ejus.

224 3876 254 3932 V.
277 3873 405 3931 Benedic
419 3873 518 3929 anima
531 3893 595 3930 inea
609 3873 738 3929 Domino
752 3894 758 3929 :
779 3879 810 3930 et
823 3873 923 3930 omnia
936 3873 1078 3931 interiora
1088 3894 1153 3931 mea
1163 3894 1273 3933 nomen
1285 3880 1400 3933 sanctum

220 3975 293 4031 ejus.
1387 4018 1390 4025 ,

278 4035 428 4111 Alleluya.
479 4034 506 4090 V.
529 4035 568 4091 In
591 4040 749 4110 conspectu
772 4035 943 4110 angelorum
964 4035 1088 4110 psallam
1101 4036 1168 4107 tibi,
1191 4036 1321 4096 Domine
1339 4036 1404 4095 Der*

220 4137 311 4175 meus.

279 4198 447 4255 Secrcralara
460 4195 627 4254 Jolaaaaa
641 4194 684 4270 (a.
700 4194 775 4272 1-4).

279 4278 318 4334 In
346 4279 397 4335 illo
424 4283 562 4354 tempore,
592 4276 667 4332 Erat
694 4276 756 4332 dies
783 4276 876 4335 festus
903 4278 925 4336 J
927 4277 1086 4345 udaeorum,
1114 4284 1145 4335 ct
1172 4280 1308 4339 ascendit
1333 4280 1408 4339 Joem

220 4359 467 4433 Hierosolymam.
524 4358 579 4414 Est
599 4362 698 4414 autem
721 4357 936 4432 Hierosolymis
960 4359 1112 4434 probatica
1133 4360 1250 4435 piscina
1273 4382 1360 4439 arsque
1376 4354 1412 4419 nd

219 4458 307 4495 sanus
321 4441 410 4496 fiebat
423 4460 441 4495 a
455 4458 629 4515 quacunque
643 4438 831 4495 detinebatur
844 4439 1028 4497 infirmitate.
