2910 4904
129 307 193 368 310
667 306 787 370 Prosoe.

128 471 207 541 Quid
221 471 278 530 tibi
291 472 423 548 profecit,
438 470 558 548 profano
571 492 698 550 serpens,
715 472 864 549 quondam
877 492 968 530 unam
982 470 1128 549 decepisse
1140 472 1304 548 mulierem,

127 553 204 611 Cum
213 554 297 630 virgo
310 553 456 629 pepererit
469 554 655 611 incarnatum
670 555 728 611 Dei
742 554 841 611 Patris
854 555 976 612 unicum
989 554 1143 612 dominum
1156 554 1179 614 J
1180 574 1265 613 esum
1279 575 1288 629 ;

128 634 188 704 Qui
202 634 330 711 praedam
344 634 401 692 tibi
413 635 486 691 tulit
499 640 530 691 ct
543 635 658 692 armilla
671 634 822 692 maxillam
837 636 924 708 forat,

127 715 175 773 Ut
188 735 319 792 egressus
333 715 404 772 Evae
417 716 496 773 natis
510 717 571 787 fiat,
587 735 661 791 quos
673 721 775 773 tenere
788 716 889 792 cupiat

127 796 168 853 Et
181 796 335 854 maritatas
348 815 450 872 parere
463 796 539 854 filios
553 796 618 853 Deo
632 796 787 872 placitoS,*

127 877 247 953 Semper
260 883 414 935 cantantes
427 877 525 935 dulcia
538 878 718 954 virginitatis
732 878 855 949 cantica,

127 959 168 1015 Et
182 959 336 1015 viduarum
351 958 466 1015 maritis
479 959 567 1016 fidem
581 977 660 1016 nunc
673 957 798 1034 ingemis
810 959 964 1036 integram

126 1039 186 1108 Qui
199 1039 337 1097 creatoris
350 1039 438 1096 fidem
451 1059 558 1115 negare
570 1058 754 1116 persuaserat
769 1040 888 1117 virgini,
902 1104 905 1111 ¹

125 1120 272 1177 Faeminas
285 1140 364 1178 nunc
377 1121 460 1177 vides
473 1121 505 1177 in
518 1120 596 1178 bello
610 1127 712 1177 contra
725 1127 756 1177 tc
769 1121 846 1178 facto
860 1121 948 1178 duces
961 1121 1114 1192 exsistere,

126 1201 199 1270 Quae
212 1201 288 1258 filios
302 1220 370 1258 suos
383 1200 527 1277 instigant
540 1201 665 1273 fortiter,
680 1207 733 1258 tua
745 1208 894 1259 tormenta
907 1202 1032 1261 vincere.

126 1282 206 1351 Quin
220 1282 268 1342 et†
281 1288 334 1339 tua
348 1301 419 1338 vasa
432 1282 599 1339 meretrices
613 1281 760 1339 Dominus
774 1281 924 1355 emundat,

125 1363 166 1420 Et
179 1363 242 1420 haec
255 1362 312 1420 sibi
324 1363 434 1439 templa
448 1362 587 1439 dignatur
600 1363 712 1420 efficere
724 1371 857 1440 purgata

125 1444 184 1501 Pro
197 1443 245 1500 his
257 1463 336 1501 nunc
356 1443 505 1501 beneficiis
525 1443 558 1500 in
579 1463 733 1501 commuue
754 1444 918 1502 Dominum
931 1463 985 1502 nos
997 1444 1196 1522 glorificemus
1210 1450 1243 1504 et
1260 1464 1326 1525 peo-

204 1531 316 1582 catores
330 1530 360 1582 et
376 1524 454 1594 usti,

124 1605 205 1682 Quiss
224 1612 254 1663 et
275 1545 442 1663 constabtes
462 1605 631 1663 corroborat
651 1611 682 1663 et
695 1606 839 1683 prolapsis
853 1605 1007 1665 dexteram
1020 1606 1155 1685 'porrigit
1170 1614 1209 1666 ut
1222 1607 1328 1667 saltem

204 1693 272 1764 post
284 1686 414 1744 facinora
427 1706 588 1762 surgamus.

667 1845 785 1906 LXIX.

266 1969 361 2026 Proca
374 1971 415 2026 cd
428 1968 584 2044 Sequentia
599 1968 741 2026 Planctus
754 1967 847 2044 cygni

268 2065 415 2142 Alleluya.

205 2159 371 2215 Pnnuenrr
392 2175 467 2216 mnu
489 2175 679 2216 rnoanrrourc
700 2174 766 2216 urs

204 2239 295 2296 Alitis
309 2241 396 2316 cygni
410 2241 461 2316 qui
474 2240 680 2297 transfretavit
693 2258 819 2315 aequora.

206 2319 232 2375 0
246 2340 336 2396 quam
349 2341 446 2378 amare
457 2321 676 2378 lamentabatur
689 2320 772 2376 arida

205 2401 242 2458 Se
256 2402 444 2478 dereliquisse
456 2402 599 2478 florigera,
614 2408 644 2458 et
658 2401 765 2477 petisse
778 2400 840 2457 alta
852 2399 954 2471 maria,

204 2481 304 2553 Aiens,
320 2483 432 2540 Infelix
445 2503 511 2539 sum
523 2482 646 2553 avicula,
662 2481 720 2540 heu
733 2481 808 2537 mibi
822 2480 893 2557 quid
907 2499 992 2555 agam
1007 2478 1122 2553 urisera,

204 2563 314 2620 Pennis
328 2564 424 2621 soluta
438 2564 532 2638 ignita
546 2563 643 2619 lucida
656 2582 715 2619 non
729 2566 831 2638 potero
845 2561 893 2618 hic
907 2561 959 2636 §in
972 2561 1083 2637 stella§

204 2644 304 2702 'Undis
317 2646 443 2720 quatior,
458 2644 593 2720 procellis
606 2644 675 2700 binc
688 2643 757 2700 inde
770 2662 850 2699 nunc
864 2642 970 2699 allidor
982 2642 1126 2700 exsulata

204 2722 307 2801 Angor
319 2727 399 2783 inter
411 2726 473 2782 alta
485 2724 636 2802 gurgitum
650 2723 809 2781 cacumina.

205 2804 332 2863 Gemens
345 2807 449 2864 alatizo
462 2807 581 2863 intuens
595 2804 754 2876 mortifera,
769 2824 829 2861 non
842 2803 1038 2861 conscendens
1051 2822 1159 2880 supera
1173 2824 1181 2862 τ

204 2886 333 2944 Cernens
347 2888 463 2964 copiosa
476 2885 599 2963 piscium
614 2886 771 2962 legumina,

204 2967 274 3024 Non
288 2988 363 3044 queo
376 2970 456 3026 inter
469 2969 572 3026 densos
586 2967 717 3042 gurgites
730 2985 878 3024 assumere
891 2965 1035 3022 alimenta
1048 2963 1172 3042 optima.

205 3048 297 3106 Ortus
310 3070 426 3107 occasus
440 3049 531 3125 plagae
545 3049 605 3125 poli
618 3047 824 3104 administrare
838 3046 1047 3104 lucidasidera

204 3128 437 3206 Suffraginantes
452 3131 571 3199 Oriona,
586 3129 773 3204 effugitantes
786 3128 880 3185 nubes
893 3127 1035 3185 occiduas.

204 3210 286 3266 Dum
299 3211 360 3268 haec
374 3211 531 3286 cogitaretll
545 3211 645 3280 tacita,
660 3210 744 3266 venit
756 3208 883 3265 rutilans
896 3207 1076 3265 adminicula
1093 3207 1231 3279 Aurora;

205 3291 360 3366 Opitulata
373 3293 518 3349 afflamine
532 3292 620 3366 coepit
632 3290 742 3347 virium
756 3308 928 3365 recuperare
941 3289 1038 3345 fortia.

205 3374 363 3431 Ovatizans
372 3374 434 3448 jam
449 3373 591 3448 agebatur
603 3372 682 3427 inter
696 3371 757 3428 alta
770 3377 800 3427 et
814 3376 951 3428 consueta
964 3369 1090 3426 nubium
1103 3388 1179 3427 aera.

204 3453 344 3511 Hilarata
357 3474 390 3511 ac
399 3454 561 3530 jocundata
574 3452 663 3509 nimis
676 3452 754 3509 facta
768 3451 940 3527 penetrabat
953 3450 1080 3508 marium
1094 3450 1226 3508 flumina.

204 3534 379 3591 Dulcimode
393 3535 540 3591 cantitans
553 3533 692 3589 volitavit
705 3533 742 3589 ad
756 3552 871 3589 amoena
884 3531 973 3588 arida

205 3614 378 3673 Concurrite
392 3616 490 3672 omnia
504 3615 541 3671 ad
555 3615 640 3671 littus
655 3620 685 3671 et
695 3613 875 3671 conclamate
888 3613 1015 3688 agmina,

205 3697 281 3772 Regi
296 3696 360 3753 Deo
374 3697 413 3753 sit
427 3696 520 3771 gloria
534 3704 654 3754 aetcrna.

674 3874 774 3931 LXX.

266 3998 284 4073 (
284 3999 378 4056 Proca
392 3997 449 4075 od)
462 3995 618 4071 Sequentia
632 3978 789 4053 Exsultate
804 3995 868 4052 Deo
881 3994 1027 4051 solventes
1041 3991 1145 4049 munia
1157 3988 1259 4050 laudis.

260 4096 405 4172 Alleluya

327 4189 508 4245 Exsunsnrn
523 4185 587 4243 Deo
601 4185 719 4261 agmina
731 4183 838 4255 fidelia,

326 4270 478 4345 Tympano
492 4273 523 4324 et
536 4267 649 4324 cithara
663 4265 819 4342 organica3

239 4410 251 4437 ⁸
267 4407 462 4466 MS.-placidos.
638 4405 652 4465 †
667 4404 800 4457 rna-Qui
810 4418 847 4448 ne.
952 4460 957 4472 Ι
1024 4402 1038 4463 ss
1053 4399 1213 4453 crs-Quia

408 4464 617 4527 §Ma-instilla
795 4464 804 4523 ΙΙ
821 4463 1039 4520 tls-cogitarem
