2910 4904
563 334 659 398 Festo
680 334 886 419 Septembris.
1259 341 1319 402 101

235 561 346 620 Eorum
367 580 420 620 nm
440 579 619 622 serenorum
640 581 810 623 nunrrsuu
831 565 928 624 Prorr
949 581 987 624 ur
1007 565 1216 626 Hrecmrm!

614 662 667 741 (iii.
683 664 729 722 Id.
746 664 840 743 Sept.)

190 774 328 848 Officium.
371 778 557 836 Judicabunt
570 779 672 837 sancti.

190 855 298 915 Oratis.

187 935 275 992 Beati
296 938 381 995 Proti
401 960 463 1011 nos,
478 941 613 1012 Domine,
629 946 659 997 et
674 938 841 1015 Hyacinthi
860 939 959 999 foveat
978 941 1107 1017 pretiosa
1126 941 1274 1014 confessio,
1291 946 1321 999 et

126 1015 177 1094 pia
186 1017 300 1092 jugiter
312 1018 480 1079 intercessio
493 1027 620 1079 tucatur.
663 1020 722 1078 Per
735 1020 907 1082 Dominum.

188 1098 328 1171 Epistola.
371 1101 488 1159 Reddet
502 1103 591 1160 Deus.

191 1178 325 1238 (irridete.
368 1182 523 1239 Justorum
537 1184 650 1240 animae.

188 1259 336 1336 Alleluya.
384 1262 413 1322 V.
437 1264 537 1321 Sancti
550 1265 607 1335 tui,
622 1265 757 1322 Domine.

188 1339 388 1415 Evortpelictm.
432 1345 572 1420 Egressus
585 1346 606 1403 J
607 1365 672 1402 esus
686 1347 723 1403 de
736 1345 853 1421 templo.

192 1420 381 1494 offertorium.
426 1425 647 1484 Gloriabuntur.

190 1503 311 1561 Secreto.
1026 1567 1028 1572 ,

190 1582 250 1640 Pro
270 1590 438 1642 sanctorum
457 1594 621 1662 martyrum
637 1593 756 1644 tuorum
776 1585 861 1644 Preti
880 1591 911 1643 et
931 1585 1099 1661 Hyacinthi
1114 1604 1321 1643 commemora-

128 1663 212 1720 tione
236 1684 359 1723 munera
382 1668 446 1739 tibi,
471 1668 606 1739 Domine,
630 1689 695 1745 quae
717 1669 864 1739 debemus,
887 1666 1065 1724 exsolvimus
1075 1686 1085 1740 3
1108 1672 1224 1743 praesta,
1249 1686 1324 1743 quee-

128 1763 239 1815 sumus,
255 1752 289 1802 ut
302 1748 464 1805 remedium
477 1748 562 1805 nobis
574 1755 723 1826 perpetues
736 1749 841 1806 salutis
854 1754 1018 1824 operentur.

193 1825 373 1886 Commutato.
418 1829 504 1898 Quod
517 1830 589 1887 dico,

190 1908 431 1967 Postcomutartio.

191 1987 239 2046 Ut
264 1997 401 2066 percepta
431 2011 493 2061 nos,
522 1991 658 2063 Domine,
685 1989 739 2048 tria
765 1997 866 2049 sancta
892 1990 1059 2065 purificent,
1080 1990 1159 2048 beati
1182 1989 1268 2046 Proti
1294 1994 1325 2046 et

130 2067 306 2208 {pacprthi
323 2091 496 2147 quaesumus
512 2072 647 2148 imploret
667 2072 769 2129 oratio.
811 2072 870 2130 Per
887 2071 1051 2128 Dominum
1068 2077 1203 2128 nostrum
1217 2071 1239 2130 J
1241 2089 1323 2128 esum

177 2169 217 2206 r1s
233 2170 290 2208 um.

256 2331 368 2389 Siron
388 2331 552 2405 Meurmrr,
575 2349 708 2392 rrrscorr
729 2349 767 2390 nr
787 2348 992 2391 corrnssorus.
1035 2329 1093 2409 (Id.
1109 2330 1202 2409 Sept.)

194 2464 332 2538 Officium.
376 2464 488 2522 Statuit
502 2465 529 2522 ei
543 2465 696 2522 Dominus

194 2545 302 2603 Oratio
345 2545 401 2616 Da,
417 2565 590 2621 quaesumus,
607 2547 793 2621 omnipotens
807 2545 897 2602 Deus

191 2625 333 2701 Epistola.
376 2625 481 2683 Omnis
494 2626 636 2701 pontifex.

194 2705 327 2766 Crudele.
371 2707 480 2764 Inveni
494 2707 601 2764 David.

191 2786 339 2862 Alleluya.
389 2788 418 2847 V.
441 2788 531 2845 Posui
544 2787 732 2864 adjutorium.

190 2869 390 2942 Evenpele'uoe.
434 2868 494 2938 Qui
506 2888 558 2925 vos
571 2869 662 2925 audit.

195 2948 387 3022 Offirtmtum.
430 2949 559 3007 Veritas.

193 3030 374 3088 Commutato.
417 3030 552 3102 Domine,
569 3030 699 3106 quinque
713 3029 825 3086 talenta
838 3027 996 3086 tradidisti.

244 3235 404 3293 Domuum
424 3251 518 3293 rursu
538 3234 678 3294 Ocmvrs
698 3233 900 3292 Narrvrrsrrs
920 3232 1068 3290 Vrncmrs
1089 3231 1213 3289 Mearm

194 3350 333 3451 Officium.
377 3375 563 3433 Gaudeamus
583 3395 693 3447 omnes,
708 3384 734 3433 et
753 3384 843 3432 cetero
862 3374 937 3431 sicut
956 3373 991 3430 itt
1012 3373 1068 3445 die,
1082 3393 1159 3430 acore
1179 3371 1328 3447 Siutplicis

139 3457 213 3515 Festi
226 3478 326 3514 esocem
340 3457 508 3515 Lectionum
519 3466 627 3532 praeter
648 3453 916 3535 [sequereturque
932 3454 1136 3530 perordinem
1156 3453 1288 3511 diceretur
1301 3463 1328 3510 ct

138 3538 341 3676 pretelp-MS.
365 3535 404 3616 F]
432 3538 633 3612 Euespelium,
662 3538 740 3611 quod
766 3537 821 3594 erit
847 3536 980 3593 Intravit
1006 3536 1093 3593 Jesus
1120 3535 1152 3591 in
1179 3534 1326 3610 quoddam

142 3626 211 3677 ceste
235 3639 294 3676 um.

227 3799 267 3855 ΙΝ
288 3798 386 3855 Fnsro
407 3797 634 3855 Exstrarronrs
655 3813 776 3855 sarcre
797 3795 916 3854 Osucrs.
960 3795 1054 3874 (xviii.
1071 3794 1140 3852 Kal.
1156 3793 1235 3871 Oct.)

197 3938 334 4012 Officium.
378 3937 441 3993 Nos
455 3942 554 3994 autem
567 3935 694 4012 gloriari,
708 3944 742 3993 ut
755 3935 790 3992 itt
801 3933 1072 3995 Commemoratione
1085 3941 1190 3991 saoctae
1202 3929 1313 3990 Creteis.

197 4018 304 4076 Oratio,

196 4099 285 4169 Deus,
304 4098 356 4174 qui
373 4097 532 4175 Unigeniti
549 4098 620 4155 Filii
634 4097 687 4169 tui,
708 4096 830 4154 Domini
848 4096 951 4168 nostri,
975 4096 997 4155 J
999 4114 1049 4152 esu
1070 4092 1180 4152 Christi
1201 4092 1329 4168 pretioso

147 4180 275 4256 sauguine
297 4179 461 4236 humanum
482 4199 574 4256 genus
595 4178 737 4235 redimere
761 4178 900 4252 dignatus
922 4197 961 4248 es,
980 4175 1103 4233 concede
1123 4174 1275 4249 propitius,
1293 4178 1330 4229 ut

148 4260 191 4334 qui
209 4261 245 4318 ad
265 4261 444 4318 adorandam
464 4260 612 4318 vivificam
632 4278 746 4316 crucem
769 4258 941 4330 adveniunt,
963 4277 981 4314 a
1003 4260 1188 4333 peccatorum
1210 4272 1330 4311 suorum

148 4342 261 4400 nexibus
281 4342 453 4402 liberentur.
496 4343 555 4400 Per
574 4341 706 4398 eundem.

542 4472 554 4496 ⁸
571 4469 642 4517 MSS.
654 4470 702 4516 and
712 4470 931 4516 Eua-trusere
