2910 4904
221 300 263 366 22
662 297 759 362 Festa
779 295 971 362 Februarii.

218 464 304 520 beato
326 465 451 539 praesule
473 469 503 521 et
525 470 655 539 martyre
668 470 721 521 tuo
735 464 835 521 Blasio
857 483 910 540 per
930 463 992 520 haec
1016 463 1053 521 ab
1073 463 1209 521 omnibus
1229 462 1419 522 inimicorum

220 550 389 601 nostrorum
402 545 562 602 liberemur
577 545 701 604 insidiis.
745 545 811 602 Per.

281 625 461 683 Canamaaia
505 626 565 695 Qui
578 626 644 683 vult
656 626 764 684 venire.

279 706 519 765 Posteommaaio.

184 839 186 843 Α
279 786 412 863 Sumpta,
432 807 607 864 quaesumus,
624 787 761 859 Domine,
777 793 960 844 sacramenta
983 787 1020 844 ab
1039 786 1121 843 omni
1142 806 1195 844 nos
1217 787 1422 863 nequitiarum

216 866 282 923 labe
295 869 461 943 purificent,
478 875 508 927 et
525 869 725 928 intercedente
738 869 824 926 beato
839 868 938 925 Blasio
957 868 1081 943 praesule
1095 874 1125 925 et
1143 875 1274 944 martyre
1288 873 1350 940 tuo,
1366 889 1420 927 suo

216 967 338 1084 {sunere
372 957 474 1006 contra
507 970 608 1009 omnes
642 969 756 1026 semper
789 949 947 1006 diabolicos
981 949 1117 1006 incursus
1151 955 1295 1007 tueamur.
1361 950 1421 1007 Per

249 1049 388 1087 ommum.

379 1218 490 1274 Saron
512 1216 671 1287 Grnennn,
693 1232 898 1274 eournssorns.
944 1215 1037 1293 (Prid.
1055 1216 1135 1274 Non.
1153 1215 1238 1294 Feb.)

279 1347 418 1422 Officium.
462 1347 504 1404 Os
513 1348 598 1424 justi.

278 1428 387 1487 Oratio.
430 1429 553 1500 Adesto,
569 1427 704 1485 Domine.

276 1510 417 1585 Epistola.
460 1509 595 1567 Dilectus
609 1528 627 1566 a
641 1508 713 1568 Deo.

278 1589 410 1650 (laudale.
455 1590 593 1663 Domine,
608 1589 787 1666 praevenisti.

274 1672 423 1747 Alleluya.
472 1671 501 1729 V.
524 1671 588 1728 Iste
602 1676 736 1727 sanctus..

274 1753 476 1827 Evaapeliam.
518 1752 640 1822 Videte,
656 1751 782 1827 vigilate.

276 1833 469 1907 Offertoriam.
512 1832 707 1891 Desiderium.

275 1912 454 1972 Gammaaio.
497 1913 607 1972 Beatus
625 1932 733 1985 servus,
750 1932 847 1988 quem,
867 1932 934 1969 cum
955 1912 1071 1968 venerit
1091 1911 1247 1985 Dominus,
1266 1911 1416 1970 invenerit

214 1994 394 2071 vigilantem.

348 2187 476 2245 Sanora
496 2186 649 2258 Acarna,
664 2201 801 2243 vrnerrus
822 2201 860 2242 nr
881 2200 1044 2240 uanrrnrs.
1088 2183 1177 2262 (Non.
1195 2182 1278 2262 Feb.)

275 2317 414 2391 Officium.

274 2398 461 2456 Gaudeamus
483 2417 583 2454 omnes
603 2397 635 2453 in
649 2396 787 2468 Domino,
804 2396 880 2452 diem
895 2395 1003 2452 festum
1024 2395 1202 2452 celebrantes
1226 2395 1281 2452 sub
1301 2395 1413 2454 honore

212 2479 340 2555 Agathae
368 2479 517 2554 martyria,
546 2479 582 2535 de
614 2479 698 2553 cujus
729 2478 863 2554 passione
889 2477 1019 2552 gaudent
1050 2475 1148 2552 angeli
1179 2480 1210 2533 et
1241 2475 1412 2535 collaudant

211 2559 323 2617 Filium
337 2560 402 2618 Dei.

272 2641 419 2698 Psalmae.

272 2723 429 2780 Eructavit
442 2740 604 2778 cormeum
617 2723 741 2778 verbum
754 2720 866 2777 bonum
879 2741 885 2776 :
906 2719 971 2776 dico
985 2738 1038 2794 ego
1053 2738 1140 2793 opera
1153 2736 1218 2775 mea
1231 2719 1301 2796 regi

275 2801 316 2858 Or
353 2803 359 2814 '
380 2847 386 2859 .
406 2834 408 2840 ·

271 2811 430 2958 Dedbioqui
448 2881 528 2938 inter
548 2888 644 2939 cetera
663 2882 804 2958 potentiae
824 2887 884 2937 tuae
903 2879 1045 2937 miracula
1066 2879 1156 2937 etiam
1176 2879 1209 2936 in
1223 2899 1296 2936 sexu
1310 2879 1411 2958 fragili

210 2964 365 3021 victoriam
378 2962 515 3037 martyrii
528 2963 682 3019 contulisti
696 2984 702 3021 :
724 2962 847 3019 concede
867 2962 1021 3037 propitius,
1037 2967 1073 3017 ut
1094 2962 1178 3037 cujus
1191 2961 1328 3019 natalitia
1342 2963 1412 3021 coli·

210 3064 284 3116 mus,
300 3064 352 3120 per
366 3045 429 3119 ejus
442 3044 479 3100 ad
490 3048 520 3099 te
534 3043 669 3119 exempla
681 3043 858 3119 gradiamur.
901 3040 959 3099 Pe'r
972 3043 1142 3099 Dominum.

270 3125 410 3200 Epistola.
455 3123 623 3181 Confitebor
633 3124 698 3196 tibi,
715 3124 844 3181 Domine
858 3144 919 3180 rex.

271 3205 405 3264 Gratata
448 3204 625 3281 Adjuvabit.

268 3287 417 3363 Alleluya.
468 3285 663 3344 lKAEmulor.

269 3367 432 3442 Sequentia.
478 3360 678 3438 Exsultemus,
711 3375 745 3423 at
771 3366 805 3423 ia
829 3363 1007 3436 donimane·
1041 3364 1085 3422 ael
1112 3365 1243 3438 Tractus,
1272 3367 1299 3424 ei
1325 3365 1412 3443 infla

207 3448 456 3527 Septaapesimam
469 3448 598 3506 evenerit.
643 3447 774 3506 Tractus.
819 3447 877 3516 Qui
892 3447 1046 3503 seminant.

267 3528 466 3604 anapeliara.
511 3529 613 3586 Simile
627 3535 672 3585 est
685 3548 809 3605 regnum
823 3528 960 3585 caelorum
973 3529 1073 3585 decem
1086 3525 1259 3602 virginibus·

269 3609 461 3683 offertorium.
506 3610 684 3683 Offerentur,
699 3610 803 3685 majas.

266 3691 389 3848 iibido
409 3790 539 3844 munera,
563 3771 699 3844 Domine,
721 3791 786 3846 quae
806 3771 839 3827 in
859 3771 952 3828 beatae
966 3770 1093 3847 Agathae
1113 3771 1251 3848 martyris
1271 3776 1332 3829 tnae
1352 3771 1409 3830 sol·

206 3852 360 3910 lemnitate
388 3852 555 3925 deferimus,
583 3853 666 3927 cnjus
693 3871 745 3909 nos
774 3852 947 3909 confidimus
975 3852 1138 3928 patrocinio
1162 3853 1289 3910 liberari.
1347 3853 1408 3912 Per

207 3934 378 3991 Dominum.

268 4014 449 4073 Communia.

268 4096 329 4165 Qui
352 4115 400 4152 me
422 4095 561 4170 dignatus
578 4114 608 4152 es
629 4100 662 4151 at
675 4094 765 4154 *omni
785 4093 871 4171 plaga.
894 4114 1004 4166 curare,
1020 4103 1051 4152 et
1069 4095 1214 4154 mamillas
1236 4114 1316 4154 meas
1338 4114 1406 4156 meo

205 4177 318 4251 pectori
330 4178 496 4247 restituere,
511 4176 608 4251 ipsum
621 4175 725 4232 invoco
740 4175 839 4232 Deum
853 4176 966 4234 vivum.

266 4258 507 4315 Posteommaaia

266 4337 464 4396 Auxilientur
484 4337 577 4409 nobis,
594 4336 730 4407 Domine,
747 4347 864 4412 sumpta
882 4337 1029 4413 mysteria,
1046 4343 1077 4394 et
1097 4337 1298 4396 intercedente
1318 4338 1409 4399 beate

242 4417 328 4492 getha
340 4425 470 4496 martyre
483 4425 537 4476 tua
550 4418 728 4495 sempiterna
738 4419 919 4494 protectione
933 4419 1115 4478 confirment.
1158 4419 1225 4477 Per.
