2910 4904
131 343 192 404 114
586 340 683 404 Festa
707 338 859 407 Octobris.

188 505 308 564 Sacrata.

189 587 382 663 Omnipotens
396 586 571 662 sempiterne
582 586 671 658 Deus,
684 586 737 662 qui
750 586 834 642 illum
845 606 932 662 quem
945 586 983 644 ad
994 586 1105 643 Filium
1118 592 1206 644 tuum
1216 588 1320 659 trahis,

127 667 198 725 facis
225 687 285 725 esse
312 668 450 740 beatum;
477 667 524 724 fac
551 687 603 742 per
629 667 775 724 auxilium
801 666 903 743 gratiae
929 673 989 725 tuae
1012 668 1207 726 confessorem
1234 675 1321 727 tuum

127 748 295 806 «Iohannem
318 749 351 804 in
375 749 437 824 ejus
459 748 642 805 beatitudine
668 748 804 804 omnibus
828 767 889 805 esse
912 754 1026 822 notum,
1049 749 1101 824 qui
1123 769 1177 825 pro
1201 750 1322 807 nomine

128 829 227 887 dilecti
240 829 311 885 Filii
324 829 370 885 tui
383 849 413 886 se
426 829 582 904 abnegavit
595 834 626 887 et
639 828 791 885 mundum.

187 921 368 981 Communia.
411 922 474 997 Ego
489 927 588 979 autem
602 941 669 978 cum
682 920 756 977 mihi
769 921 886 978 molesti
899 926 1002 979 essent.

188 1014 428 1072 Postcoaanaaaab.

186 1095 308 1168 Adesto,
334 1095 416 1152 Deus
438 1099 546 1164 noster,
569 1094 622 1170 qui
648 1094 681 1151 in
704 1093 902 1152 misericordia
925 1095 1024 1152 omnia
1048 1095 1186 1172 dispoms,
1209 1096 1323 1173 respice

126 1177 268 1252 populum
295 1183 382 1232 tuum
409 1177 468 1232 suis
494 1175 621 1250 peccatis
647 1176 685 1231 ab
711 1175 831 1232 inimico
858 1174 1018 1248 afflictum3
1051 1183 1081 1233 et
1107 1177 1178 1252 quia
1204 1176 1322 1247 horum,

129 1258 264 1327 Domine,
279 1257 355 1313 nihil
377 1257 465 1313 odisti
486 1275 550 1331 quae
572 1255 676 1326 fecisti,
692 1257 772 1312 mitis
794 1261 824 1312 et
846 1256 1049 1332 deprecatione
1071 1257 1150 1314 beati
1171 1256 1323 1316 Johannis

127 1338 297 1395 confessoris
324 1338 378 1408 tui,
407 1345 543 1394 converte
575 1337 706 1412 ejusdem
736 1337 889 1412 planctum
915 1337 948 1393 in
974 1337 1134 1413 gaudium:
1165 1339 1324 1397 conscinde

128 1438 242 1477 saccum
256 1419 370 1491 erroris
386 1424 417 1475 et
430 1418 577 1475 circumda
591 1437 658 1474 eum
672 1418 777 1474 laetitia
790 1417 922 1475 unitatis.
966 1417 1024 1474 Per
1037 1418 1208 1477 Dominum.

215 1621 326 1679 Sinon
348 1621 488 1689 Paumm,
511 1619 719 1676 anmaansis
739 1634 978 1678 laonienscori.
1022 1620 1072 1699 (vi.
1088 1621 1134 1679 Id.
1151 1621 1231 1700 Oet.)

189 1769 326 1843 Officium.
370 1768 490 1825 Statuit.

188 1850 296 1907 Oratio.
339 1849 396 1920 Da,
410 1867 583 1924 quaesumus.

186 1930 329 1987 Memoria
343 1930 376 1986 da
391 1938 487 1985 sancto
502 1928 631 1997 Gereone,
646 1936 783 2004 aaartyra,
799 1930 832 1987 da
848 1928 1011 1988 Communi.

186 2010 325 2086 Epistola.
370 2009 473 2066 Omnis
487 2009 629 2084 pontifex.

189 2091 323 2149 Gradale.
365 2090 494 2147 duravit.

188 2172 336 2246 Alleluya.
385 2171 412 2228 V.
434 2170 455 2227 J
458 2175 541 2227 ustus
554 2169 739 2244 germinabit.

187 2252 348 2326 Sequentia.
392 2251 487 2308 Adest
500 2251 592 2320 nobis,
607 2260 641 2306 at
655 2251 688 2307 ia
704 2250 867 2309 Ooaaaaauc'.

188 2333 386 2407 Ilvaapeliam.
429 2332 529 2389 Homo
543 2332 663 2406 quidam
676 2332 791 2389 nobilis

190 2414 379 2488 (Wartoriaaa.
423 2413 532 2469 Inveni
545 2412 652 2468 David.

190 2495 371 2554 Ooaamaaio.
414 2493 523 2550 Beatus
537 2511 645 2550 servus.

321 2699 432 2756 Sanan
453 2698 585 2764 Nicasn,
607 2713 670 2755 cun
691 2712 785 2755 soons
806 2713 880 2757 suis.
924 2696 965 2773 (v.
983 2699 1028 2755 Id.
1045 2698 1124 2777 Oct.)

189 2847 326 2921 Qffica’zana.
369 2844 550 2919 Sapientiam
565 2849 738 2903 sanctorum.

189 2928 297 2996 Oratio,
313 2927 347 2982 (lc
363 2924 526 2982 Ooauaaaa'.

187 3007 327 3083 Epistola.
371 3005 487 3061 Reddet
501 3004 591 3061 Deus.

188 3088 320 3145 Gradal.
363 3085 499 3142 Vindica.

188 3169 335 3243 Alleluya.
384 3167 412 3224 V.
437 3166 591 3223 Mirabilis.

188 3248 386 3323 decapolitana
430 3246 505 3304 Cum
519 3247 670 3304 audientis
683 3247 790 3323 praelia.

189 3330 379 3403 Offertoriam.
422 3328 586 3387 Laetamini.

188 3410 365 3470 Ooaauaaio.
408 3409 521 3466 Anima
534 3415 641 3466 nostra.

220 3616 386 3673 Daroslrro
407 3630 512 3672 sanari
533 3613 702 3683 Wiarruoi,
724 3628 952 3671 Ancnmmscorl
973 3629 1011 3670 nr
1031 3629 1237 3673 conressoms

616 3710 667 3788 (iv.
683 3710 729 3767 Id.
747 3711 826 3787 Oct.)

189 3819 327 3893 Officium.
371 3816 491 3875 Statuit.

188 3900 296 3957 Oratio.

186 3982 275 4052 Deus,
302 3979 384 4054 cujus
414 3977 510 4054 gratia
536 3977 639 4033 beatus
666 3975 824 4033 Wilfridus
851 3977 986 4052 pontifex
1012 3977 1118 4035 lucidis
1145 3979 1317 4037 meritorum

126 4063 215 4138 signis
229 4061 404 4118 excellenter
424 4058 542 4129 offulsit,
557 4063 663 4132 praesta
683 4058 766 4114 nobis
780 4059 934 4133 propitius,
949 4064 984 4115 ut
1005 4059 1067 4135 ejus
1087 4078 1202 4136 semper
1221 4068 1317 4136 patro

126 4145 202 4200 cinio
216 4143 391 4211 muniamur,
405 4139 487 4214 cujus
502 4139 634 4195 doctrina
647 4138 684 4195 ad
698 4139 862 4214 appetenda
875 4139 1000 4197 oaelestia
1013 4139 1214 4200 informamur.
1250 4141 1314 4200 Per.

185 4222 325 4297 hyristola.
368 4221 442 4276 Ecca
456 4219 595 4276 sacerdos.

187 4303 300 4360 Gradal
313 4347 320 4360 .
362 4301 471 4358 Inveni
483 4300 590 4371 David.

185 4384 331 4460 Alleluya.
382 4381 411 4439 V.
434 4381 455 4438 J
458 4386 539 4437 ustus
553 4380 736 4457 germinabit.

184 4463 345 4539 Seqraeatia.
389 4462 558 4533 Salauris,
574 4471 607 4519 at
621 4462 653 4520 ia
667 4461 750 4521 Festo
764 4461 895 4536 ejusdem.
