2910 4904
142 299 202 361 loo
573 296 669 360 Festo
690 293 898 381 Septembris.

200 462 390 537 Offirtorium.
434 463 536 521 Gloria
549 469 580 520 et
592 462 710 521 honore.

199 544 318 602 Secreta.

200 626 259 682 Pro
272 625 424 701 apostolici
444 625 610 684 reverentie
623 624 760 682 culminis
774 624 929 682 offerentes
949 640 1031 679 sacra
1049 619 1201 696 mysteria,
1217 624 1332 696 praesta,

138 705 275 777 Domine,
303 725 478 782 quaesumus,
505 712 541 763 ut
573 706 654 763 beati
687 704 827 762 Matthaei
859 702 985 779 apostoli
1014 702 1061 759 tui
1088 707 1119 758 et
1147 698 1334 777 evangelistae

139 786 293 862 suffragiis,
310 788 392 863 cujus
413 787 549 844 natalitia
568 786 771 862 praevenimuS,
787 785 849 843 haec
862 784 945 860 plebs
958 790 1011 840 tun
1027 800 1142 858 semper
1154 786 1186 839 et
1199 800 1255 839 sue
1267 786 1335 839 vota

139 867 292 943 depromet
305 873 335 924 et
349 868 511 925 desiderata
524 868 675 944 percipiat.
718 867 784 924 Per.

201 948 382 1006 (L'ommuaio.
426 949 537 1025 Magna
550 954 601 1005 est.

199 1030 440 1087 I’oetcommrmio.

198 1109 285 1167 Beati
314 1110 452 1167 Matthaei
485 1109 608 1186 apostoli
635 1109 682 1165 tui
709 1113 740 1166 et
767 1106 962 1183 evengelista,
991 1124 1167 1183 quaesnmus,
1197 1104 1335 1177 Domine,

138 1191 351 1266 supplicatione
374 1192 514 1267 placatus,
536 1198 567 1247 et
590 1191 704 1247 veniam
729 1189 814 1246 nobis
837 1188 1013 1246 delictorum
1035 1186 1134 1245 tribue
1154 1192 1186 1243 et
1205 1184 1335 1243 remedia

135 1272 317 1347 sempiterna
330 1273 459 1329 concede.
503 1272 562 1329 Per
574 1270 747 1329 Dominum.

197 1354 232 1410 tt·
253 1354 311 1411 laec
339 1353 445 1427 Vipilia
463 1362 489 1411 ct
509 1352 654 1423 Quattuor
676 1353 819 1427 Tempora
840 1357 1023 1420 cormarrmrt
1043 1346 1170 1423 qualiter
1190 1346 1291 1405 Misere
1309 1353 1334 1405 et

137 1432 199 1490 clia
214 1433 348 1491 celebrari
361 1435 489 1505 delectat,
504 1434 568 1491 vide
584 1453 676 1508 cupra
690 1442 757 1509 post
777 1431 937 1490 Sublatam
952 1430 1097 1502 Qamttuor
1112 1428 1291 1505 stuprorum
1301 1426 1334 1487 ia

137 1514 279 1572 Adventu.

386 1696 425 1753 Iu
446 1712 498 1753 nm
519 1711 626 1754 esuum
647 1695 812 1753 Mamaea
857 1693 909 1771 (xi.
927 1694 996 1752 Kal.
1012 1693 1091 1772 Oct.)

198 1841 338 1914 Officium.
382 1841 420 1898 In
435 1842 531 1899 medio
544 1842 678 1900 ecclesia.

199 1923 307 1979 Oratio.

196 2002 283 2059 Beati
297 2003 436 2061 Matthaei
455 2004 580 2079 apostoli
599 2005 646 2060 tui
665 2012 696 2063 et
714 2004 910 2082 evangelista,
925 2002 1062 2075 Domine,
1076 2002 1214 2079 precibus
1232 2002 1330 2079 adjuv-

136 2102 227 2153 emur,
247 2090 281 2139 ut
302 2085 380 2159 quod
400 2085 576 2160 possibilitas
596 2092 696 2144 nostra
715 2106 775 2144 non
794 2085 918 2156 obtinet,
939 2085 1002 2161 ejus
1022 2085 1107 2141 nobis
1127 2084 1330 2143 intercessione

135 2164 269 2220 donetur,
313 2165 379 2222 Per.

195 2244 311 2318 Epistol
330 2290 336 2302 .
380 2246 550 2323 Unicuique
564 2254 705 2305 vestrum.

196 2325 330 2384 Gradole.
373 2327 484 2385 Beatus
497 2329 551 2385 vir.

194 2407 342 2482 Alleluya
393 2408 421 2465 V,
445 2408 564 2467 Primus
578 2410 615 2466 ed
630 2409 709 2468 Sion.

194 2487 356 2562 tequemio.
400 2490 511 2546 Pleusu
525 2491 639 2561 chorus,
654 2500 688 2548 at
701 2492 736 2548 ia
750 2488 917 2549 Communi.

194 2568 361 2627 riccundem
375 2571 551 2628 Muttitoeum
563 2572 619 2647 (ric.
637 2571 732 2648 9-13).

194 2650 234 2706 In
250 2650 300 2707 illo
320 2658 460 2726 tempore,
475 2652 564 2709 Vidit
576 2653 599 2710 J
600 2673 666 2720 esus
685 2653 835 2710 hominem
856 2651 1006 2710 sedentem
1018 2650 1051 2707 in
1064 2649 1177 2707 telonio
1189 2670 1280 2727 nsque
1291 2648 1330 2707 acl

133 2750 193 2788 uon
208 2732 287 2788 enim
301 2734 371 2790 veni
384 2752 488 2790 vocare
497 2735 605 2809 jactor,
620 2735 671 2792 sed
684 2741 857 2810 peccatores.

194 2812 297 2870 Oredo.

195 2894 387 2965 Offcrtorium.
430 2896 452 2953 J
454 2900 537 2952 ustus
551 2902 586 2952 ut
599 2897 705 2972 palma.

193 2972 313 3033 Secreto.

194 3054 463 3130 Supplicationibus
485 3058 652 3133 apostolicis
674 3059 754 3115 beati
776 3058 916 3116 Matthaei
939 3056 1137 3132 evangelistae,
1152 3072 1328 3131 quaeamus,

133 3136 269 3208 Domine,
289 3136 417 3194 ecclesiae
439 3144 498 3193 tuae
520 3140 741 3196 commendetur
762 3139 881 3213 oblatio,
904 3140 987 3215 cujus
1007 3136 1173 3213 magnificis
1193 3136 1327 3214 praedice-

133 3216 265 3274 tionibus
279 3217 420 3276 eruditur.
465 3219 530 3279 Per.

194 3296 376 3357 Comrauaio.
419 3299 558 3373 Posuisti,
573 3300 708 3358 Domine.

192 3379 433 3438 Posteommuaio.

192 3461 352 3537 Perceptis,
377 3462 513 3533 Domine,
538 3464 728 3522 sacramentis
750 3464 837 3521 beato
862 3462 1007 3520 Matthaeo
1031 3459 1165 3536 apostolo
1188 3464 1222 3518 et
1243 3478 1327 3517 evan·

130 3540 236 3614 gelista
249 3543 466 3601 interveniente
479 3544 676 3620 deprecamur,
692 3551 727 3601 ut
740 3564 805 3620 quie
822 3564 875 3621 pro
895 3545 960 3620 ejus
979 3542 1125 3600 celebrata
1145 3545 1219 3600 sunt
1237 3540 1326 3617 gloria

132 3623 215 3679 uobis
229 3624 383 3698 proficiant
397 3625 434 3681 ad
448 3625 598 3684 medelam.
642 3626 701 3684 Per
715 3626 885 3684 Dominum.

148 3858 333 3917 Smcroauu
354 3877 524 3919 uanrrruu
545 3862 710 3935 etiamen,
732 3878 944 3931 socroauuoun
965 3876 1046 3920 mus,
1089 3861 1130 3937 (z
1147 3860 1220 3921 Kal.
1235 3858 1312 3935 Oct)

192 4010 331 4085 (fficium.
375 4011 475 4068 Intret
489 4012 520 4067 in
535 4017 699 4088 conspectu

191 4094 301 4150 Oratio

189 4176 309 4244 Annue,
331 4192 505 4249 quesumus,
527 4174 714 4250 omnipotens
734 4174 825 4246 Deus,
840 4179 875 4230 ut
894 4193 948 4231 nos
971 4177 1141 4230 sauctorum
1161 4178 1321 4247 martyrum

129 4261 248 4310 tuorum
269 4253 417 4326 Mauricii,
434 4253 600 4330 Exsuperii,
617 4254 750 4326 candidi,
766 4255 906 4326 Victoris,
920 4252 1092 4312 Innocentii
1111 4258 1143 4310 et
1162 4252 1274 4311 Vitatis
1291 4266 1321 4307 ao

128 4335 272 4391 sociorum
296 4335 455 4392 eorundem
478 4334 607 4394 laetificet
630 4335 737 4393 festiva
759 4335 949 4406 sollemnitas,
969 4340 1005 4392 ut
1031 4352 1159 4410 quorum
1182 4328 1320 4409 suffragiis

128 4414 263 4486 nitimur,
276 4416 421 4473 natalitiis
434 4415 602 4491 gloriemur.
645 4417 704 4474 Per
717 4417 889 4475 Dominum.
