2910 4904
211 281 272 344 146
475 274 523 341 Io
536 274 659 341 Natali
676 273 914 362 plurimorum
926 274 1134 361 Martyrum.

268 442 434 503 Secundum
448 440 628 500 Matttaeum.

269 525 308 580 16
325 524 377 581 illo
394 528 533 599 tempore,
548 523 637 580 Dixit
654 522 676 580 J
676 542 742 581 esus
755 522 906 600 discipulis
924 523 1004 596 suis;
1024 523 1099 581 Ecce
1119 542 1172 600 ego
1189 523 1280 581 mitto
1294 542 1359 597 vos,
1373 530 1408 581 at

209 605 243 662 irs
257 604 415 663 Communi
427 604 628 679 apostolorum.

267 697 435 756 Secundum
448 697 623 754 Mottleaeum
636 697 683 770 (ee.
699 696 818 771 23-32).

236 818 238 822 -
268 779 308 835 In
320 778 373 835 illo
386 785 526 854 tempore,
542 777 630 835 Dixit
649 778 671 836 J
672 797 737 834 esus
758 777 908 854 discipulis
928 778 988 835 suis
998 797 1007 850 ;
1028 778 1103 835 (lum
1123 783 1343 854 persequentur
1355 796 1409 837 vos

207 859 240 916 in
254 859 374 916 civitate
386 859 445 916 1616
458 879 547 933 usque
560 858 602 916 od
614 878 711 915 coram
726 858 814 916 Patre
828 878 893 916 meo
906 859 958 935 qui
972 859 1062 918 estin
1076 859 1161 917 666116.

268 951 434 1010 Secundum
447 950 621 1008 Mattianum
634 950 702 1028 (6611.
720 951 840 1027 46-50)

268 1032 308 1089 In
320 1032 373 1088 illo
386 1038 525 1107 tempore,
541 1031 694 1107 Loquente
707 1031 729 1088 J
730 1050 782 1088 esu
795 1032 834 1088 ad
845 1033 956 1105 turbas,
972 1032 1048 1089 Ecce
1060 1037 1155 1090 meter
1173 1033 1237 1110 ejus
1255 1038 1286 1090 et
1299 1032 1409 1091 1161166

207 1133 296 1188 usque
310 1114 350 1169 ed
364 1118 395 1169 et
408 1119 503 1169 mater
516 1118 568 1169 est.

267 1209 434 1268 Secundum
446 1209 621 1266 Mottltaeom
634 1208 727 1286 (66616.
746 1207 839 1286 1-13).

269 1290 309 1347 In
332 1291 384 1348 illo
408 1295 548 1366 tempore,
571 1290 712 1366 Egressus
734 1289 823 1347 Jesus
845 1288 880 1346 de
903 1289 1021 1367 templo,
1043 1289 1114 1347 ibat.
1156 1289 1199 1348 Et
1218 1296 1410 1349 assesserunt

207 1371 344 1448 discipuli
371 1371 442 1447 ejus,
468 1376 504 1427 ut
526 1371 715 1427 ostenderent
741 1369 770 1427 ei
797 1370 1019 1427 aedificationem
1040 1369 1145 1447 templi
1167 1390 1258 1448 usque
1279 1372 1327 1431 ad
1346 1372 1409 1443 Qui

207 1458 308 1510 autem
320 1451 551 1528 perseveraverit
563 1470 656 1527 usque
669 1451 702 1506 in
715 1450 812 1523 finem,
827 1450 875 1507 hic
888 1451 988 1509 salvus
1001 1451 1066 1509 erit.

266 1546 434 1607 Secundum
446 1547 585 1606 Marcum
598 1546 678 1623 (6111.
696 1546 790 1622 1-13).

267 1628 307 1685 In
320 1628 371 1685 illo
385 1634 526 1704 tempore,
537 1628 715 1703 Egrediente
727 1626 803 1684 Jesu
817 1626 853 1684 de
866 1627 986 1704 templo,
998 1628 1042 1685 ait
1055 1628 1101 1685 illi
1113 1648 1191 1686 unus
1203 1648 1244 1687 ex
1252 1629 1409 1707 discipulis

207 1710 287 1782 suis;
307 1709 459 1785 Magister,
473 1709 569 1784 aspice
583 1708 683 1784 quales
697 1708 807 1783 lapides
821 1714 851 1765 et
865 1709 964 1784 quales
978 1714 1140 1768 structurae.
1171 1710 1212 1766 Et
1225 1711 1410 1787 respondens

206 1791 229 1849 J
231 1809 305 1862 esus,
319 1790 362 1846 ait
374 1789 440 1861 illi;
458 1788 552 1846 Vides
564 1788 617 1846 has
631 1808 731 1846 omnes
745 1808 864 1864 magnas
878 1788 1104 1848 aedificationesl
1133 1790 1205 1848 Non
1218 1791 1410 1868 relinquetur

206 1871 281 1946 lepis
303 1889 391 1945 super
413 1869 551 1945 lapidem,
572 1869 625 1945 qui
641 1889 702 1927 non
725 1869 902 1927 destruatur.
953 1871 1084 1928 Etcum
1107 1871 1222 1929 sederet
1245 1872 1279 1930 in
1303 1878 1410 1931 monte

207 1951 364 2009 Olivarum
391 1960 493 2007 contra
520 1951 672 2026 templum,
701 1950 924 2026 interrogabant
950 1969 1018 2007 eum
1047 1953 1206 2028 separatim
1233 1952 1346 2011 Petrus
1375 1958 1409 2013 et

207 2032 229 2091 J
230 2032 337 2089 acobus
351 2037 382 2088 61
394 2031 416 2088 J
418 2031 547 2088 ohannes
561 2038 591 2088 et
605 2030 760 2088 Andreas:
781 2031 838 2088 Dic
852 2030 936 2089 nobis
956 2032 1073 2108 quando
1087 2033 1146 2090 1616
1160 2034 1253 2091 116611
1272 2040 1307 2092 61
1325 2034 1410 2111 quod

206 2112 324 2188 signum
338 2112 404 2183 erit,
420 2111 537 2188 quando
550 2110 612 2168 haec
633 2111 732 2168 omnia
745 2111 888 2187 incipient
907 2114 1121 2171 consummarit
1161 2114 1202 2171 Et
1225 2116 1409 2191 respondens

207 2192 230 2251 J
232 2212 305 2265 esus,
317 2192 405 2268 coepit
426 2192 521 2249 dicere
542 2191 607 2250 illis.
645 2191 768 2249 Divisio.
790 2192 900 2250 Videte
921 2212 959 2250 ne
980 2193 1046 2268 quis
1067 2213 1120 2251 vos
1141 2194 1269 2252 seducat
1313 2194 1410 2253 Multi

204 2273 285 2330 enim
299 2274 421 2330 venient
433 2273 467 2331 in
479 2272 598 2331 nomine
612 2291 677 2331 meo
698 2292 788 2348 66666
801 2274 842 2330 ad
859 2272 920 2342 Qui
932 2280 1032 2331 autem
1053 2274 1229 2333 sustinuerit
1249 2276 1285 2333 in
1306 2276 1406 2349 finem,

207 2355 256 2412 hic
270 2354 369 2411 salvus
382 2354 447 2412 erit

267 2447 435 2506 Secundum
448 2445 593 2506 Mororum.

267 2530 308 2586 In
331 2529 384 2587 illo
405 2535 546 2606 tempore,
571 2527 660 2585 Dixit
677 2528 767 2587 Jesus
792 2527 943 2605 discipulis
964 2529 1045 2603 suis;
1072 2529 1183 2589 Videte
1205 2549 1245 2589 ne
1265 2531 1335 2609 quis
1354 2550 1408 2591 vce

205 2609 337 2682 seducat,
352 2619 387 2668 ut
400 2630 500 2686 supro.

268 2701 426 2778 Sequentia
438 2701 533 2760 666611
545 2701 706 2776 Evangelii.
749 2699 915 2760 Secundum
927 2701 1041 2760 Ducem
1053 2702 1071 2780 (
1070 2702 1110 2760 61.
1125 2703 1243 2783 4⁷54).

268 2784 309 2840 In
332 2783 385 2840 illo
398 2789 538 2859 tempore,
555 2783 680 2840 Dicebat
693 2782 784 2841 Jesus
798 2781 975 2855 Pharisaeis;
998 2783 1054 2840 Vae
1075 2784 1160 2842 vobis
1179 2784 1235 2863 qui
1252 2784 1407 2845 edituris

208 2869 402 2921 monumenta
414 2864 624 2940 prophetarum
638 2883 728 2938 usque
740 2862 782 2920 od
793 2869 829 2920 ut
841 2870 1012 2921 accusarent
1025 2883 1101 2923 eum.

270 2959 471 3034 Eooacpeliwm.
513 2957 681 3017 Secundum
693 2959 806 3017 Decem
818 2958 890 3033 (611.
909 2958 982 3037 1-8).

271 3039 312 3097 Ι6
332 3039 385 3097 illo
405 3045 548 3115 tempore,
563 3038 651 3096 Dixit
672 3039 761 3098 Jesus
782 3039 934 3115 discipulis
953 3041 1032 3113 suis;
1055 3040 1217 3100 Attendite
1229 3042 1405 3103 afermento

211 3119 427 3178 Pharisaeorum
454 3140 543 3196 66666
570 3121 611 3177 ad
637 3125 668 3177 et
695 3121 792 3179 Filius
816 3121 958 3179 Hominis
985 3122 1174 3180 confitebitur
1195 3122 1286 3181 illum
1308 3142 1404 3185 eorum

212 3201 324 3279 angelis
338 3201 404 3260 Dei.

272 3295 441 3355 Secundum
454 3293 567 3352 1616666
580 3292 598 3370 (
597 3292 656 3353 661.
673 3293 767 3372 9-19).

272 3376 313 3434 In
333 3376 386 3433 illo
406 3381 545 3452 tempore,
561 3375 651 3431 Dixit
671 3373 761 3432 Jesus
781 3374 932 3452 discipulis
951 3375 1011 3433 suis
1020 3395 1029 3448 ;
1049 3375 1125 3435 0661
1138 3376 1294 3437 audieritis
1306 3376 1405 3455 prelis

209 3463 242 3515 et
255 3457 414 3515 seditiones
427 3476 517 3532 usque
530 3457 571 3513 od
584 3455 624 3513 In
636 3455 782 3533 patientia
793 3462 892 3515 vestra
905 3457 1092 3533 possidebitis
1104 3458 1218 3517 6611666
1230 3466 1352 3519 vestm

274 3550 467 3624 offertorium.

273 3631 387 3689 Anima
399 3636 501 3689 nostra
514 3629 590 3687 sicut
603 3648 702 3706 passer
714 3634 816 3706 erepta
835 3634 880 3688 est
899 3630 936 3688 de
954 3629 1060 3708 laqueo
1072 3632 1268 3695 venantium:
1286 3632 1406 3713 laqueus

210 3712 362 3770 contritus
374 3717 427 3784 est,
443 3717 474 3769 et
486 3730 541 3769 666
554 3710 674 3769 liberati
686 3730 795 3769 sumus.

276 3803 468 3879 offertorium

275 3883 433 3945 Loetamini
444 3883 478 3942 in
491 3883 620 3943 Domino
640 3889 671 3942 et
690 3883 844 3959 exsultate,
855 3884 952 3962 justi:
975 3891 1006 3944 et
1022 3885 1200 3965 gloriamini,
1217 3906 1321 3951 omnes
1335 3886 1415 3949 recti

213 3966 311 4026 corde.

276 4046 299 4106 Ι
296 4069 319 4106 n
332 4056 453 4125 tempore
465 4045 613 4120 Pardali,
627 4044 775 4123 Alleluya.

276 4141 527 4281 idimertlidliihnileus
546 4220 579 4279 in
599 4218 708 4280 sanctis
727 4219 797 4293 suis,
811 4221 894 4280 Deus
916 4222 1027 4284 Israel:
1046 4223 1110 4304 ipse
1122 4224 1207 4287 dabit
1219 4224 1365 4291 virtutem
1374 4228 1421 4287 et

214 4304 421 4364 fortitudinem
433 4303 513 4381 plebi
526 4322 604 4362 suae:
624 4301 796 4362 benedictus
809 4302 899 4364 Deus.

277 4395 319 4457 16
332 4407 453 4475 tentpore
465 4396 614 4474 Faustuli,
628 4394 778 4474 Alleluya.
