2910 4904
144 275 206 336 204
535 266 721 355 Sequentia
745 268 953 337 Oceumcnes.

203 437 244 495 In
257 437 355 495 centuli
362 437 565 513 plurimorum
578 446 752 512 martyrum.
792 434 959 512 Sequentia.

263 518 338 575 Ecce
352 519 476 594 pulchra¹
490 538 630 576 canorum
643 523 763 576 resonat
776 537 848 575 voce
862 517 1012 593 Alleluya‚

263 600 413 657 intimans
425 600 557 676 requiem
567 605 735 657 sanctorum
746 598 898 674 inclytam

235 679 252 708 a
261 680 372 738 Felicia
385 681 512 738 nimium
528 680 700 757 angelorum
713 680 841 737 rutilant
854 675 1001 755 agmina*

263 761 377 834 Sancte,
391 762 507 831 Sancte,
522 762 637 834 Sancte,
654 761 773 819 Christo
787 766 911 817 ovanter
924 758 1167 836 proclamantia.†

259 842 387 899 Sublimi
407 843 440 899 in
457 842 596 900 cathedra
609 842 808 918 apostolorum
827 839 931 911 sssedet
944 840 1059 917 fulgida
1071 846 1191 898 caterva
1204 839 1305 897 tribus
1318 845 1348 898 et

343 924 459 1000 linguas
468 922 664 999 judicantiass

262 1003 386 1061 Domini
405 1005 531 1081 vestigia
551 1004 604 1081 qui
623 1004 717 1062 secuti
736 1004 769 1061 in
788 1009 868 1060 terra
888 1008 1009 1079 propter
1028 1001 1083 1060 hoc
1103 1000 1243 1074 emicant,
1264 1000 1348 1061 velut

342 1085 427 1143 stella
440 1086 620 1143 firmamenti
633 1085 718 1143 clara.

263 1165 354 1223 Stolis
367 1166 500 1224 candidis
513 1174 679 1243 martyrum
692 1167 876 1223 edomantur
886 1164 968 1223 colla.

261 1246 308 1303 Hi
322 1253 392 1304 sunt
405 1247 522 1317 milites,
534 1249 586 1323 qui
600 1248 705 1304 mundi
715 1246 889 1323 praelianmt
902 1245 988 1304 bella.

262 1327 386 1386 coronis
400 1328 476 1385 albis
490 1335 669 1386 coronantur
683 1327 788 1397 sancti,

262 1408 321 1478 Qui
336 1410 510 1466 confitentes
524 1410 713 1468 crediderunt
722 1409 813 1485 justa,

260 1489 309 1547 Ac
323 1490 380 1547 fide
391 1496 537 1548 certantes

261 1571 453 1646 Respuerunt
467 1591 552 1630 vane.

219 1693 221 1698 -
262 1651 355 1709 Modo
369 1652 481 1709 habent
494 1652 623 1710 caelestia
636 1670 736 1727 regna,

262 1733 302 1789 In
316 1753 375 1808 qua
388 1734 577 1809 triumphant
589 1730 764 1808 gliscentesg
778 1731 898 1808 optime,

261 1812 331 1870 Sive
345 1815 495 1871 canticant
507 1815 667 1891 psallentes
677 1814 808 1871 carmina

260 1895 339 1951 Arte
355 1894 507 1966 laudiflua,

261 1974 345 2032 Voce
359 1975 535 2048 dulcimoda,

261 2055 339 2132 Regi
353 2056 472 2114 Christo
482 2057 693 2115 submittentes
706 2056 788 2114 colla

261 2135 397 2194 Multum
404 2139 538 2195 recitaris
547 2138 634 2195 laude
644 2139 814 2214 spirituum,

260 2217 365 2294 Atque
381 2219 520 2294 jubilaris
530 2221 563 2277 in
577 2219 665 2277 choro
679 2220 839 2296 virginum,

260 2299 410 2376 Alleluya.

260 2379 437 2439 Dulcimode

260 2460 303 2519 Te
313 2461 472 2520 decantant
486 2463 626 2538 pudicum
639 2461 765 2538 agmina.

259 2541 340 2600 Laus
353 2543 410 2600 tibi
423 2545 471 2615 sit,
488 2544 614 2614 Christe,
629 2563 743 2619 semper
756 2542 930 2619 peremnia,

261 2623 322 2692 Qui
336 2624 492 2701 opitularis
506 2631 645 2683 canentes
657 2625 731 2682 talia

260 2703 342 2763 'Voce
356 2706 486 2781 pulchra.

261 2785 406 2863 Alleluye

260 2865 302 2923 Et
314 2886 369 2924 nos
382 2868 440 2925 tibi
453 2867 667 2944 proclamemus
680 2887 758 2926 una:

259 2946 308 3003 Da
321 2949 406 3005 nobis
420 2954 532 3007 aeterna
545 2969 636 3026 regna
649 2949 763 3021 florida,

259 3028 299 3084 In
313 3047 371 3102 qua
384 3030 608 3087 tibi'cautemus
621 3050 723 3088 omnes
738 3030 888 3104 Alleluya.

202 3124 222 3183 I
222 3146 244 3182 n
257 3127 355 3184 natali
367 3127 461 3184 unius
474 3126 644 3202 confhssoris
657 3138 683 3186 et
692 3129 851 3204 pontificis.
895 3126 1059 3204 Sequentia.

258 3208 356 3266 Adest
369 3208 455 3265 nobis
468 3208 531 3266 dies
544 3208 622 3265 alma
635 3215 667 3267 et
680 3229 787 3286 magno
800 3210 909 3287 gaudio
923 3209 1019 3286 plena,

259 3289 299 3345 In
313 3309 371 3364 qua
381 3295 483 3346 sancta
494 3289 559 3347 Deo
572 3297 657 3366 grata
670 3292 835 3368 congaudet
848 3290 999 3363 Ecclesia3

259 3369 359 3428 Hodie
373 3371 495 3428 caelestis
509 3371 628 3429 laetetur
640 3379 748 3443 turma,
764 3392 830 3449 quae
842 3372 967 3449 gloriam
975 3375 1077 3429 cantat
1088 3368 1123 3427 in
1135 3365 1261 3427 aculeis
1274 3382 1340 3424 voce

339 3451 491 3509 dulcisona
504 3472 571 3510 cum
582 3453 763 3530 symphonia

258 3530 360 3589 Hodie
379 3533 513 3608 polomm
534 3540 636 3593 sancta
649 3536 767 3610 agmina
787 3534 955 3593 collaudant
975 3551 1074 3611 regem
1093 3530 1195 3589 Deum
1206 3534 1338 3587 nostrum

338 3619 442 3671 natum
457 3634 495 3671 ex
509 3616 625 3692 virgine
638 3622 740 3674 sancta
750 3616 857 3674 Maria.

257 3693 336 3766 Ave,
350 3694 461 3769 inelyte
475 3696 630 3769 confessor,
645 3696 680 3753 N
679 3741 698 3769 .‚
713 3697 766 3755 flos
779 3694 997 3774 pulcherrime3

258 3774 304 3831 Tu
318 3775 444 3852 vestigia
458 3775 571 3835 Christi
584 3783 702 3835 secutus
712 3798 743 3835 es
757 3784 857 3836 mente
871 3778 979 3836 devota
987 3797 997 3850 3

257 3855 380 3913 AEterni
392 3857 470 3932 regis
483 3857 606 3934 adeptus
621 3879 651 3916 cs
664 3879 754 3934 regna
765 3878 774 3931 3

258 3935 281 3995 J
281 3957 330 3994 am
343 3938 501 4014 gratularis
515 3939 546 3995 in
561 3939 648 3996 domo
658 3959 793 4016 superna,
808 3939 961 4016 possidens
974 3938 1057 3997 sedes
1067 3935 1182 3995 almas:

259 4016 355 4087 Quem
369 4018 552 4094 postulamus
566 4026 597 4077 et
610 4021 756 4097 poscimus
769 4041 838 4094 una,

257 4099 416 4175 Adjuvent
429 4107 483 4157 tua
496 4106 598 4158 sancta
611 4102 751 4179 suffragia
763 4103 899 4179 fragilem
909 4101 1003 4160 vitam
1017 4104 1171 4170 nostram3

259 4181 285 4237 Ο
301 4181 394 4254 beate,
407 4180 433 4238 Ο
446 4189 548 4239 sancte
561 4181 612 4256 N.,
623 4183 700 4259 juva
714 4190 863 4242 catervam
876 4184 961 4241 hanc.

196 4315 208 4340 *
225 4312 278 4357 MS.
290 4312 411 4357 C-Felix
420 4314 469 4358 sut
478 4310 580 4358 nimium
589 4313 731 4369 angelorum
740 4313 841 4359 rutilans
851 4317 952 4359 caterva
1028 4312 1042 4372 †
1057 4311 1110 4356 MS.
1122 4307 1309 4367 c-proclsmat.

197 4377 209 4432 ζ
227 4370 363 4418 Ed-Sode
372 4370 465 4427 fulgida
474 4370 583 4432 lampada
592 4371 670 4417 tribus
680 4375 704 4417 et
713 4372 810 4430 linguas
819 4372 956 4430 judicantia.

197 4434 210 4494 ς’
227 4433 260 4479 So
270 4431 330 4477 Edu
341 4430 390 4476 and
399 4430 471 4478 MSS.
504 4430 590 4478 Sarum
597 4431 644 4476 and
654 4431 815 4477 Herelord-“
823 4432 949 4478 dicentes.”
