2910 4904
552 465 556 471 .
617 377 717 446 Festo
739 376 857 442 Jnnii.

384 606 496 662 Sinon
517 607 649 678 Arnim,
672 623 833 665 nmmrms.
878 607 917 684 (x.
936 607 1005 665 Καὶ
1021 608 1044 666 J
1045 607 1098 687 ul.)

123 750 125 757 ¹
205 753 345 828 Officium.
387 753 495 812 Justus
509 761 545 810 ut
557 753 663 830 palma.

204 846 313 905 Oratio.
357 845 479 916 Praesta,
494 865 668 922 quaesumus.

202 939 343 1016 Epistola.
387 941 409 997 J
410 946 494 996 ustus
505 939 529 995 si
543 946 645 996 morte.

204 1032 338 1091 Gradai.
381 1033 521 1090 Posuisti.

202 1114 352 1190 Alleluya.
401 1113 430 1171 V.
453 1113 626 1171 Laetabitur.

202 1207 366 1282 Sequentia.
410 1207 572 1282 OrganiciS,
587 1214 622 1262 nt
634 1206 669 1262 in
683 1203 844 1265 Communi.

203 1301 405 1376 Eoonqetinm.
449 1300 535 1356 Nihil
550 1304 695 1375 opertum.

204 1394 398 1469 Offlrtorinm.
441 1392 580 1450 Posuisti.

203 1486 385 1545 Communio.
430 1485 489 1554 Qui
502 1485 577 1542 vult.

188 1577 249 1719 i&
261 1580 320 1637 taee
340 1578 447 1653 Viqitio
460 1598 578 1652 sequens
591 1577 625 1633 in
638 1576 796 1634 Dominieo
809 1576 940 1648 evenerit,
950 1577 1068 1634 dicotur
1076 1575 1171 1635 Mirm
1184 1577 1219 1636 olo
1233 1577 1342 1653 Viqilio

139 1659 174 1717 in
214 1661 326 1737 amittito
341 1680 407 1717 enm
421 1659 518 1735 Kyrie
531 1658 658 1733 eleyson,
676 1657 778 1714 Gloria
791 1657 823 1714 in
834 1658 964 1730 excelsis,
979 1666 1014 1714 nt
1027 1657 1061 1714 in
1074 1659 1342 1718 connnemmatione

138 1741 222 1798 Petri
235 1751 261 1800 et
274 1741 374 1798 Ponti.
419 1739 489 1797 Tros
502 1740 640 1797 dieantur
655 1739 825 1797 Orationes:
834 1739 945 1813 primo,
960 1740 994 1796 de
1015 1737 1144 1814 Viqilio;
1158 1740 1293 1813 seeundo,
1304 1741 1342 1799 do

137 1832 240 1881 saneto
252 1822 430 1880 Ethetoimdo
440 1843 452 1889 ;
467 1830 492 1878 et
503 1821 596 1892 tertio,
612 1820 645 1877 de
654 1821 786 1877 omnibns
795 1818 911 1877 Sanctis
921 1844 930 1879 :
944 1829 970 1877 et
984 1829 1053 1878 tuno
1063 1822 1103 1878 ad
1113 1821 1240 1879 Missam
1249 1821 1342 1879 clodio

130 1905 191 1978 fiat
206 1913 322 1961 tomtnm
334 1922 398 1959 nno
414 1901 523 1974 Oratio,
538 1911 564 1958 et
584 1902 702 1959 dicotur
721 1900 863 1976 Alleluya
876 1909 902 1958 et
917 1901 1021 1972 Credo,
1035 1901 1086 1960 sed
1098 1903 1159 1961 eine
1173 1901 1338 1978 Seqmntio.

137 1981 198 2041 Iste
222 1985 292 2042 ordo
319 1991 445 2041 servetur
466 1984 500 2039 in
526 1982 596 2039 otiis
626 1981 738 2056 Viqiliis
760 1982 794 2038 in
821 1982 980 2039 Dominieo
1003 1983 1235 2058 eontinqentibns
1257 1992 1338 2041 enm

135 2063 310 2137 Adventum,
332 2063 438 2139 Viqilio
452 2063 628 2120 Nativitotis
641 2063 766 2120 Domini
779 2062 1033 2138 excomm-MSS.
1049 2065 1080 2120 A
1093 2065 1153 2122 and
1168 2061 1222 2145 D.]

276 2295 317 2353 ΙΝ
337 2295 468 2352 Vremm
488 2293 520 2351 N
521 2310 692 2351 Arrvrrsrrs
713 2309 821 2350 strom
842 2294 1002 2351 Jormrnrs
1028 2294 1195 2354 Bnrnsrm

613 2400 666 2469 (ix.
690 2399 760 2457 Kal.
783 2399 860 2468 Jul.)

197 2505 339 2582 Officium.

194 2589 243 2647 Ne
257 2590 361 2646 timeas
380 2589 541 2660 Zacha1·ia;
562 2588 702 2644 exaudita
715 2594 760 2644 est
774 2589 868 2645 oratio
880 2595 953 2646 tna:
974 2595 1005 2646 et
1019 2589 1173 2647 Elizebeth
1193 2601 1337 2651 uxortua

132 2670 228 2746 periet
252 2671 309 2727 tibi
332 2669 447 2726 filium:
468 2676 498 2726 et
512 2669 629 2726 vocabis
651 2688 759 2726 nornen
783 2669 847 2744 ejus
870 2670 892 2727 J
894 2670 1059 2727 ohannem:
1080 2676 1111 2728 et
1131 2671 1190 2729 erit
1209 2691 1335 2750 magnus

132 2770 230 2809 eoram
244 2751 373 2808 Domino
387 2773 393 2807 :
414 2757 444 2807 et
458 2750 572 2827 Spiritu
587 2749 695 2806 Sancto
710 2749 872 2826 replebitur
884 2751 980 2808 adhue
994 2771 1032 2808 ex
1042 2756 1127 2809 utero
1136 2752 1243 2811 matris
1256 2772 1336 2817 sune

132 2841 163 2889 et
176 2832 266 2889 multi
279 2833 312 2888 in
325 2831 486 2889 nativitate
499 2831 563 2906 ejus
576 2830 757 2907 gaudebunt.

192 2924 376 3078 ssifflf'in
389 3004 502 3062 virtute
516 3010 570 3062 tua
582 3004 733 3062 loetabitur
746 3025 808 3077 rex,
825 3012 854 3062 et
868 3025 956 3082 super
969 3006 1097 3065 salutare
1116 3015 1204 3066 tuum
1224 3009 1335 3069 exsult-

131 3086 196 3146 abit
209 3087 407 3144 vehementer.

191 3180 314 3333 gigiia,
340 3280 515 3336 quaesumus
546 3259 732 3336 omnipotens
761 3260 850 3332 Deus
881 3267 917 3318 ut
944 3261 1057 3318 familia
1084 3267 1139 3320 tua
1166 3283 1220 3340 per
1250 3264 1330 3323 viam

129 3343 234 3401 salutis
261 3342 386 3414 incedat,
415 3348 446 3398 et
472 3341 553 3397 beati
578 3342 600 3399 J
602 3341 726 3398 ohannis
752 3342 939 3417 praecursoris
965 3341 1155 3400 hortamento.
1182 3346 1332 3419 sectando,

129 3425 377 3562 &AEzmmquem
404 3422 543 3499 praedixit
570 3442 670 3480 secure
697 3423 859 3498 perveniat,
882 3423 1046 3481 Dominum
1069 3431 1205 3482 nostrum
1226 3425 1332 3485 Jesum

130 3667 160 3724 D
190 3549 336 3644 Memorio
359 3586 394 3642 de
417 3594 519 3642 saneto
539 3583 723 3642 Etlntdredo.
775 3585 885 3643 Oratio.
937 3585 1133 3663 Omnipotens
1152 3588 1332 3664 sempiterno

162 3687 221 3724 eus.

189 3760 286 3819 Lectio
304 3761 456 3818 Hieremiae
469 3759 620 3835 Prmlmtoe
633 3759 670 3836 (i.
687 3759 782 3838 4-10)

189 3841 229 3899 In
242 3842 344 3899 diebus
357 3841 426 3909 illis,
439 3841 563 3898 Factum
574 3848 619 3898 est
629 3842 753 3898 verbum
768 3841 892 3898 Domini
900 3842 937 3899 ad
950 3862 998 3901 me
1012 3841 1111 3900 dicens
1124 3864 1130 3900 :
1152 3842 1331 3922 Priusquam

127 3928 158 3981 te
171 3924 329 3980 formarem
342 3922 375 3980 in
389 3929 473 3980 utero
487 3943 576 3996 usqne
590 3923 632 3978 not
644 3922 768 3980 aedifiees
782 3930 812 3981 et
825 3923 961 3999 plantes;
982 3923 1055 3981 dicit
1075 3923 1226 3983 Dominus
1239 3927 1331 3985 omni-

128 4010 241 4081 potens

190 4084 306 4143 Gradol
320 4130 326 4143 .

188 4161 360 4224 Fuit'homo
374 4165 480 4224 missus
493 4187 512 4223 e
525 4167 598 4238 Deo,
614 4166 662 4223 oui
675 4186 784 4224 nomen
796 4168 818 4225 J
820 4168 949 4225 ohannes
963 4173 1027 4226 erat
1041 4189 1047 4225 :
1067 4167 1116 4225 hie
1128 4169 1222 4227 venit.

132 4247 238 4386 erUtt
253 4248 456 4305 testimonium
480 4248 647 4323 perhiberet
670 4249 706 4305 de
729 4249 864 4308 lumine:
885 4254 916 4306 et
928 4269 1032 4327 parare
1056 4249 1186 4307 Domino
1211 4249 1327 4327 plebem

126 4348 163 4405 pe
192 4349 224 4386 ec
239 4348 294 4387 am.

185 4421 221 4480 se
242 4423 277 4479 m
300 4422 459 4481 notitam
479 4395 609 4493 mmo,
627 4422 774 4498 Alleluya.
825 4424 853 4482 V.
897 4422 953 4494 ru,
968 4442 1050 4499 puer,
1064 4423 1211 4500 propheta
1231 4425 1324 4484 Arse

124 4502 193 4564 simi
206 4504 356 4562 vocaberis
367 4523 376 4577 3
396 4503 514 4582 praeibis
527 4509 597 4562 ante
610 4502 715 4562 faeiem
729 4503 853 4562 Domini
866 4523 969 4581 parere
983 4504 1046 4562 vias
1060 4505 1085 4581 ej
1090 4523 1130 4563 ue
